3694 5542
287 487 344 547 174
751 477 889 548 Origenes’
908 429 1165 534 seremiahomilien.

284 638 327 711 τά
348 647 465 712 παιδία
480 646 669 727 φοβοῦντες
691 640 744 728 [τά
758 646 896 728 παιδία],
919 643 974 712 ἰνα
989 639 1158 731 παύσηται
1173 645 1234 730 τῆς
1249 643 1286 712 έν
1300 646 1417 712 παισίν
1433 636 1591 712 ἀπαιδευ-

284 749 365 825 σίας,
387 746 442 812 καί
465 746 636 830 φοβοῦμεν
657 742 702 813 τά
722 747 840 814 παιδία
861 737 994 830 ἀπάτης
1018 736 1141 829 λόγους
1156 746 1313 828 λέγοντες
1328 739 1382 811 διὰ
1399 736 1439 809 τό
1454 734 1590 810 όποκεί·

283 867 387 930 μενον
419 847 462 929 τῆ
493 836 675 930 νηπιότητι
706 837 836 926 αὐτῶν,
868 844 924 912 ἰνα
949 839 1003 910 διὰ
1034 845 1094 929 τῆς
1121 835 1253 927 ἀπάτης
1279 836 1475 929 ποιῆσωμεν
1502 832 1589 908 αύτά

284 945 476 1030 φοβηθῆναι
502 947 557 1011 καὶ
585 939 796 1025 διδασκάλοις
822 948 983 1032 φοιτῆσαι
1009 946 1064 1010 καὶ
1086 934 1285 1028 ἀπαγγεῖλαι
1306 945 1361 1010 καὶ
1383 943 1524 1026 ποιῆσαι
1546 935 1590 1007 τά

245 1036 509 1123 δέπιβάλλοντα
539 1050 699 1131 προκοπῇ
728 1046 882 1112 παιδίων.
929 1036 1058 1123 πάντες
1087 1043 1184 1130 ἐσμέν
1210 1043 1327 1110 παιδία
1354 1044 1405 1128 τῷ
1431 1041 1507 1124 θεῷ
1533 1043 1588 1108 καί

282 1135 427 1230 δεόμεθα
448 1135 581 1228 ἀγωγῆς
602 1147 758 1213 παιδίων.
795 1140 851 1212 διὰ
872 1144 978 1213 τοῦτο
994 1135 1013 1210 ό
1029 1138 1110 1223 θεὸς
1134 1135 1332 1227 φειδόμενος
1353 1133 1450 1227 ἡμῶν
1471 1134 1588 1228 ἀπατᾷ

281 1236 365 1329 ἡμᾶς
392 1243 459 1327 (καί
486 1245 514 1310 εἰ
544 1238 589 1328 μῆ
619 1237 853 1330 αἰσθανόμεθα
884 1245 945 1330 τῆς
977 1235 1107 1329 ἀπάτης
1132 1237 1201 1328 πρὸ
1222 1243 1368 1326 καιροῦ),
1396 1241 1451 1310 ἰνα
1472 1235 1517 1326 μῆ
1540 1233 1589 1318 τός

280 1335 545 1428 ύπερβεβηκότες
571 1340 612 1411 τὸ
635 1339 768 1430 νήπιον,
791 1346 908 1430 μηκέτι
930 1334 972 1410 δι’
994 1335 1127 1426 ἀπάτης
1148 1337 1397 1428 παιδευώμεθα,
1422 1333 1510 1408 ἀλλά
1533 1333 1587 1406 διὰ

281 1445 355 1509 τῶν
384 1436 602 1530 πραγμάτων.
654 1438 769 1524 άλλως
799 1440 840 1512 τό
869 1444 1006 1512 παιδίον
1033 1441 1078 1520 εἰς
1103 1435 1214 1525 φόβον
1240 1435 1369 1525 ἀγεται,
1403 1434 1518 1517 άλλως
1543 1433 1586 1506 τό

230 1555 263 1610 10
279 1537 462 1626 προκύψαν
492 1547 535 1628 τῇ
562 1534 673 1632 ῆλικίᾳ
702 1547 757 1612 καὶ
785 1537 977 1629 διαβεβηκός
1003 1537 1068 1628 τῆν
1092 1535 1251 1626 παιδικῆν
1279 1533 1420 1626 ἡλικίαν.
1468 1541 1497 1607 εἰ
1523 1533 1587 1623 γὰρ

280 1635 423 1728 δύναμαι
438 1635 479 1710 δι’
490 1634 622 1728 ἀπάτης
637 1635 720 1712 αύτό
735 1645 1004 1728 παιδαγωγῶνίς,
1020 1641 1076 1708 ἰνα
1091 1643 1168 1725 εἰπη
1184 1631 1202 1709 ό
1219 1634 1364 1708 ἀπατῶν
1378 1632 1473 1718 θεός·
1492 1663 1570 1705 »παι

280 1735 387 1809 δεύσω
411 1733 534 1821 αύτούς
555 1743 592 1810 έν
614 1745 658 1826 τῇ
679 1736 765 1828 ἀκοῆ
787 1744 847 1826 τῆς
869 1747 1023 1828 θλίψεως
1042 1734 1187 1809 αύτῶνι.

361 1832 520 1927 Ἱστορίας
541 1837 793 1930 παραθήσομαι,
816 1845 891 1922 πῶς
906 1833 924 1908 ό
941 1835 1022 1921 θεὸς
1043 1841 1098 1909 ἐπὶ
1119 1842 1269 1927 σωτηρίᾳ
1291 1833 1407 1929 ἀπατᾷ
1426 1841 1481 1905 καὶ
1498 1840 1586 1922 λέγει

279 1933 370 2020 τινά,
398 1939 454 2006 ἰνα
479 1934 647 2027 παύσηται
669 1931 688 2009 ό
710 1933 914 2028 άμαρτωλός
940 1943 1003 2010 τοῦ
1030 1953 1153 2021 ποιεῖν,
1183 1934 1204 2008 ἰί
1226 1939 1383 2025 ἐποίησεν
1405 1933 1461 2018 ἀν,
1489 1939 1518 2004 εἰ
1539 1933 1583 2023 μῆ

228 2055 261 2108 15
278 2030 415 2125 ἠκηκόει
442 2043 552 2110 τῶνδε
577 2044 683 2109 τινῶν
708 2044 783 2108 τῶν
810 2033 932 2126 λόγων.
980 2032 999 2108 ό
1023 2043 1146 2124 λέγων·
1174 2037 1243 2106 »ἔτι
1269 2051 1357 2124 τρεῖς
1384 2032 1502 2123 ἡμέραι
1528 2041 1584 2104 καί

193 2147 260 2202 312v
281 2134 404 2224 Νινευῆ
418 2135 753 2226 καταστραφῆσεταιι
771 2133 951 2226 ἀληθεύων
965 2137 1086 2226 ἔλεγεν,
1101 2131 1123 2225 ἡ
1139 2132 1201 2208 ούκ
1216 2131 1399 2224 ἀληθεύων
1426 2141 1482 2206 καί
1498 2129 1584 2205 ἀπα·

278 2241 351 2304 τῶν
382 2230 518 2324 ἀπάτην
548 2241 833 2327 έπιστρέφουσαν;
875 2233 951 2326 ἥτις
971 2235 1160 2326 ἐπιστροφὴ
1183 2242 1212 2307 εἰ
1233 2234 1278 2326 μὴ
1300 2230 1445 2323 γεγόνει,
1470 2229 1584 2304 ούκέτι

278 2330 391 2422 ἀπάτη
413 2326 456 2423 ῆν
478 2331 552 2407 ἀλλ’
574 2332 638 2426 ἤδη
660 2333 805 2426 ἀλῆθεια
828 2334 869 2407 τὸ
892 2332 1090 2425 λεγόμενον,
1114 2343 1170 2406 καὶ
1192 2327 1234 2424 ῆν
1256 2332 1298 2406 ἀν
1321 2328 1583 2421 ἀκολουθήσασα

276 2433 497 2523 καταστροφὴ
529 2442 571 2524 τῆ
603 2443 737 2526 Νινευῆ.
784 2428 826 2525 ῆν
853 2441 907 2508 ἐπί
937 2453 1009 2518 τοῖς
1040 2431 1233 2518 ἀκούουσιν,
1268 2429 1347 2522 ἢτοι
1378 2431 1583 2519 ἀπατηθεῖσι

226 2543 260 2598 20
276 2539 331 2602 καί
360 2532 555 2606 πιστεύσασι
586 2554 657 2619 τοῖς
688 2543 880 2626 λεγομένοις
908 2532 956 2618 αίς
981 2532 1145 2624 ἀληθέσιν
1176 2530 1439 2622 εύεργετηθῆναι
1459 2538 1517 2602 καὶ
1537 2528 1582 2619 μῆ

276 2639 565 2722 καταστραφῆναι.
587 2631 609 2724 ῆ
624 2636 669 2725 μῆ
691 2642 870 2726 γινομένου
886 2630 1040 2726 ἀληθοῦς
1054 2640 1117 2706 τοῦ
1133 2637 1307 2724 εἰρημένου
1321 2640 1376 2704 καὶ
1391 2631 1435 2722 μῆ
1451 2628 1580 2718 ἀπατη-

276 2742 394 2816 θεῖσιν,
418 2729 504 2804 ἀλλὰ
525 2742 773 2819 καταλαβοῦσιν
796 2729 852 2808 ότι
872 2735 916 2807 τά
939 2739 1093 2824 εἰρημένα
1115 2730 1178 2805 ούκ
1199 2735 1301 2818 ἔσται,
1323 2734 1581 2820 καταφρονῆσαι

276 2837 350 2903 τῶν
376 2838 563 2921 εἰρημένων
589 2830 637 2917 σός
664 2832 797 2925 ἀπάτης
819 2841 906 2925 <καλ>
928 2845 1054 2905 παθεῖν
1080 2829 1152 2922 ούχί
1179 2829 1221 2903 τό
1252 2835 1319 2904 »έτι
1345 2849 1437 2920 τρεῖς
1462 2825 1581 2919 ἡμέραι

275 2939 331 3002 καὶ
348 2931 474 3022 Νινευῆ
495 2932 843 3024 καταστραφῆσεταιι,
867 2931 953 3006 ἀλλὰ
974 2940 1091 3022 τολμῶ
1112 2939 1167 3003 καί
1186 2939 1274 3019 λέγω
1289 2937 1412 3020 πολλῷ
1425 2927 1580 3019 χαλεπώ-

224 3047 257 3102 25
276 3058 357 3120 τερα
382 3038 446 3102 τοῦ
475 3034 542 3103 »ἔτι
570 3050 659 3120 τρεῖς
685 3031 802 3124 ἡμέραι
829 3041 885 3104 καί
909 3032 1033 3122 Νινευὴ
1059 3029 1404 3122 καταστραφὴσεταιε.
1452 3037 1495 3118 τῆ
1518 3027 1579 3118 γάρ

274 3127 435 3202 ἀποθέσει
463 3127 694 3220 ἡμαρτηκότες
721 3137 760 3219 [εἰ
790 3132 834 3222 μῆ
864 3129 1137 3223 μετανοῆκεισαν]
1162 3140 1337 3204 Νινευῖται
1364 3137 1392 3201 εἰ
1413 3128 1457 3220 μῆ
1479 3157 1579 3219 μετα-

275 3228 534 3319 <νε>νοῆκεισαν,
545 3227 632 3320 τάχα
645 3239 707 3322 μὲν
720 3233 788 3304 »ἔτι
803 3252 892 3322 τρεῖς
903 3229 1019 3322 ἡμέραι
1037 3240 1090 3301 καί
1101 3231 1226 3321 Νινευὴ
1241 3227 1575 3319 καταστραφῆσεταιε

274 3333 416 3415 έγίνετο·
443 3325 516 3402 ἀλλ’
539 3331 627 3402 ἔστω
649 3325 705 3402 ότι
727 3328 789 3404 ούκ
808 3337 937 3422 έγίνετο
958 3329 1045 3414 τόδε,
1068 3331 1195 3402 τούτου
1206 3347 1321 3419 χεῖρον
1336 3335 1475 3418 ἐγίνετο,
1498 3335 1579 3416 πυρὶ

275 3435 403 3518 αἰωνίῳ
425 3435 657 3520 παρεδίδοντο.

223 3544 257 3599 30
360 3526 420 3599 Διὰ
439 3534 546 3601 τοῦτο
565 3527 652 3618 άλλη
671 3526 809 3614 κόλασις
827 3531 915 3602 κατὰ
933 3531 997 3602 τόν
1014 3527 1121 3621 νόμον
1137 3535 1265 3620 εἰρηται
1279 3546 1353 3612 τοῖς
1367 3525 1416 3610 αίς
1430 3531 1579 3607 παιδίοις

275 3631 620 3716 παιδαγωγουμένοις·
643 3627 695 3714 οἰς
720 3637 773 3703 »δὲ
795 3623 881 3720 ἡλθε
897 3629 938 3702 τό
954 3628 1122 3721 πλήρωμα
1141 3635 1206 3702 τοῦ
1221 3624 1347 3716 χρόνου
1362 3619 1456 3714 [ού]ι,
1476 3625 1578 3698 ἀλλαι

272 3723 426 3810 κολάσεις
454 3725 741 3818 ἀναγεγραμμέναι
769 3733 858 3802 εἰσίν.
899 3729 1053 3820 σύγκρινε
1074 3730 1137 3813 τὰς
1157 3729 1245 3801 κατὰ
1267 3726 1330 3800 τόν
1350 3723 1458 3816 νόμον
1477 3722 1579 3796 κολά-

357 3897 416 3957 511.
439 3897 684 3967 ngS.159,14.
714 3931 747 3941 -
778 3901 814 3957 11
843 3901 907 3957 Ηοε.
927 3905 950 3964 7,
969 3903 1009 3955 12.
1038 3931 1071 3940 -
1101 3902 1137 3956 15
1162 3899 1275 3968 sonna,
1293 3903 1318 3954 4.
1347 3927 1381 3938 —
1412 3896 1486 3954 1511.
1513 3893 1576 3965 VgL

273 3979 353 4037 Hom.
372 3987 426 4048 1‚1
455 3981 490 4054 (S.
510 3986 538 4050 1,
557 3983 658 4052 9-15).
685 4015 718 4025 -
745 3985 796 4044 28.
820 3985 867 4043 25.
895 3986 932 4041 27
960 3984 1031 4041 Jona
1054 3987 1082 4052 3,
1099 3989 1124 4040 4.
1150 4015 1184 4025 -
1211 3984 1248 4041 51
1278 3983 1342 4054 Vgl.
1366 3980 1426 4036 Gal.
1444 3983 1474 4060 4,
1492 3985 1517 4033 4.
1545 4008 1577 4016 -

273 4066 351 4124 m.
370 4067 433 4137 Vgl.
451 4068 481 4122 in
498 4067 562 4124 Lev.
580 4067 660 4123 Hom.
680 4073 719 4136 11,
739 4073 755 4126 2
774 4069 864 4137 [1109.
882 4069 974 4138 sm).

356 4217 485 4287 8νόημα
496 4219 661 4274 θ*1ἰέ.Η.
679 4213 723 4290 γρ’
736 4222 837 4289 νίμτιον
854 4221 935 4276 θῦῠπ·
953 4219 1018 4276 ετίἰ.
1036 4223 1137 4290 νίμαον
1155 4220 1195 4274 V*
1212 4220 1250 4288 Ιθ
1272 4213 1505 4282 ἅλλωςιο.νῦἰι
1516 4205 1577 4268 ἀλλ’

271 4296 311 4366 ὼς
335 4301 352 4356 S
378 4303 381 4364 ί
404 4302 487 4368 10111
516 4300 543 4359 εἰ
567 4301 622 4376 γὰρ
645 4303 776 4373 δύναμαι]
804 4301 915 4376 οὐγὰρ
941 4303 1056 4360 δύναται
1083 4305 1127 4360 Hu
1149 4307 1154 4372 1
1179 4304 1215 4361 11
1245 4305 1417 4373 παιδαγωγεῖ»
1440 4299 1484 4354 Gh
1511 4315 1575 4352 παι-

271 4387 463 4457 δαγωγεῖσθαι
481 4385 525 4441 Hu
548 4387 552 4454 Ι
577 4387 613 4443 15
639 4388 657 4442 l.
680 4385 827 4460 λοτορίανῖ
842 4389 846 4457 Ι
862 4389 898 4445 16
915 4391 964 4444 καί
981 4389 1136 4444 Κοεεεοίιεα
1152 4387 1170 4457 ἢ
1187 4388 1204 4442 S
1219 4389 1224 4456 Ι
1241 4388 1278 4444 18
1297 4382 1333 4442 διν
1354 4383 1576 4451 ἀκολουθήσασα

272 4471 315 4526 Gh
333 4467 626 4539 ἀνακολουθήσασαθ
649 4474 654 4541 1
679 4471 808 4542 Ῑθῆτοι]
830 4473 885 4543 ng
905 4473 1058 4539 θ.151,14
1081 4477 1138 4540 152,
1157 4475 1173 4529 6
1190 4470 1208 4540 ἢ
1224 4471 1319 4538 τοῖςθ
1344 4473 1348 4536 1
1373 4469 1411 4524 28
1433 4469 1483 4524 καί
1500 4466 1541 4520 Ru
1570 4513 1572 4530 ,

271 4556 311 4613 26
336 4553 363 4612 εἰ
382 4557 420 4624 μὴ
443 4557 668 4624 μετανοὴκεισαν
686 4557 821 4612 streiehen
838 4557 917 4613 Βίοεε
934 4557 1088 4614 Κοείεοίιεα
1116 4558 1120 4625 1
1143 4557 1178 4614 51
1199 4548 1241 4626 οὗ]
1260 4563 1293 4616 <
1311 4556 1351 4609 V*
1371 4573 1395 4610 ε.
1409 4553 1441 4609 R.
1459 4551 1497 4604 V¹
1515 4549 1533 4606 i.
1545 4547 1574 4602 'I'-

271 4640 358 4708 8182
378 4637 507 4710 ούγκρινε
526 4640 605 4695 Βίοεε
623 4639 768 4713 ούγκριναι
786 4641 810 4696 S.
