<?xml version="1.0" encoding="UTF-8"?>
<!DOCTYPE html PUBLIC "-//W3C//DTD XHTML 1.0 Transitional//EN"
    "http://www.w3.org/TR/xhtml1/DTD/xhtml1-transitional.dtd">
<html xmlns="http://www.w3.org/1999/xhtml" xml:lang="en" lang="en">
 <head>
  <title>
</title>
<meta http-equiv="Content-Type" content="text/html;charset=utf-8" />
  <meta name='ocr-system' content='tesseract 3.04.00' />
  <meta name='ocr-capabilities' content='ocr_page ocr_carea ocr_par ocr_line ocrx_word'/>
</head>
<body>
  <div class='ocr_page' id='page_1' title='image "./diegriechischen01unkngoog/diegriechischen01unkngoog_0357.png"; bbox 0 0 3658 5566; ppageno 0'>
   <div class='ocr_carea' id='block_1_1' title="bbox 299 445 1364 518">
    <p class='ocr_par' dir='ltr' id='par_1_1' title="bbox 299 445 1364 518">
     <span class='ocr_line' id='line_1_1' title="bbox 299 445 1364 518; baseline -0.004 -14"><span class='ocrx_word' id='word_1_1' title='bbox 299 455 361 516; x_wconf 77' lang='lat'><strong><em>296</em></strong></span> <span class='ocrx_word' id='word_1_2' title='bbox 538 445 676 518; x_wconf 53' lang='lat' dir='ltr'><strong><em>origene&amp;</em></strong></span> <span class='ocrx_word' id='word_1_3' title='bbox 694 445 852 518; x_wconf 63' lang='lat' dir='ltr'>Erklfirung</span> <span class='ocrx_word' id='word_1_4' title='bbox 870 447 918 502; x_wconf 78' lang='lat' dir='ltr'><strong><em>der</em></strong></span> <span class='ocrx_word' id='word_1_5' title='bbox 935 447 1055 502; x_wconf 70' lang='lat' dir='ltr'><strong>Samuel·</strong></span> <span class='ocrx_word' id='word_1_6' title='bbox 1074 447 1131 502; x_wconf 83' lang='lat' dir='ltr'><strong><em>und</em></strong></span> <span class='ocrx_word' id='word_1_7' title='bbox 1148 447 1364 518; x_wconf 71' lang='lat' dir='ltr'>Kbnigsbficher.</span> 
     </span>
    </p>
   </div>
   <div class='ocr_carea' id='block_1_2' title="bbox 252 603 1609 1595">
    <p class='ocr_par' dir='ltr' id='par_1_2' title="bbox 252 603 1609 1595">
     <span class='ocr_line' id='line_1_2' title="bbox 299 603 1605 729; baseline -0.002 -47"><span class='ocrx_word' id='word_1_8' title='bbox 299 619 485 700; x_wconf 71' lang='grc' dir='ltr'><strong><em>παρουσίας</em></strong></span> <span class='ocrx_word' id='word_1_9' title='bbox 512 603 597 729; x_wconf 74' lang='grc' dir='ltr'><strong><em>όταν</em></strong></span> <span class='ocrx_word' id='word_1_10' title='bbox 623 613 741 700; x_wconf 75' lang='grc' dir='ltr'><strong><em>ἐνεργῇ</em></strong></span> <span class='ocrx_word' id='word_1_11' title='bbox 767 635 812 682; x_wconf 88' lang='grc' dir='ltr'><strong><em>τι·</em></strong></span> <span class='ocrx_word' id='word_1_12' title='bbox 842 603 936 682; x_wconf 88' lang='grc' dir='ltr'><strong><em>οῦτω</em></strong></span> <span class='ocrx_word' id='word_1_13' title='bbox 962 615 1019 682; x_wconf 87' lang='grc' dir='ltr'><strong><em>καὶ</em></strong></span> <span class='ocrx_word' id='word_1_14' title='bbox 1044 607 1153 699; x_wconf 85' lang='grc' dir='ltr'><strong><em>θυμός</em></strong></span> <span class='ocrx_word' id='word_1_15' title='bbox 1179 617 1240 698; x_wconf 80' lang='grc' dir='ltr'><strong><em>μεν</em></strong></span> <span class='ocrx_word' id='word_1_16' title='bbox 1265 617 1351 682; x_wconf 94' lang='grc' dir='ltr'><strong><em>θεοῦ</em></strong></span> <span class='ocrx_word' id='word_1_17' title='bbox 1376 615 1508 698; x_wconf 81' lang='grc' dir='ltr'><strong><em>λέγεται</em></strong></span> <span class='ocrx_word' id='word_1_18' title='bbox 1530 637 1605 680; x_wconf 85' lang='grc' dir='ltr'><strong><em>παι·</em></strong></span> 
     </span>
     <span class='ocr_line' id='line_1_3' title="bbox 301 705 1608 800; baseline 0.003 -21"><span class='ocrx_word' id='word_1_19' title='bbox 301 705 419 780; x_wconf 89' lang='grc' dir='ltr'><strong><em>δεία</em></strong></span> <span class='ocrx_word' id='word_1_20' title='bbox 399 739 419 799; x_wconf 93' lang='grc' dir='ltr'><strong><em>η</em></strong></span> <span class='ocrx_word' id='word_1_21' title='bbox 445 708 532 780; x_wconf 84' lang='grc' dir='ltr'><strong><em>κατὰ</em></strong></span> <span class='ocrx_word' id='word_1_22' title='bbox 555 715 629 780; x_wconf 90' lang='grc' dir='ltr'><strong><em>τῶν</em></strong></span> <span class='ocrx_word' id='word_1_23' title='bbox 650 706 861 794; x_wconf 89' lang='grc' dir='ltr'><strong><em>πταιόντων,</em></strong></span> <span class='ocrx_word' id='word_1_24' title='bbox 892 705 933 780; x_wconf 86' lang='lat'><strong><em>06</em></strong></span> <span class='ocrx_word' id='word_1_25' title='bbox 954 706 1068 793; x_wconf 87' lang='grc' dir='ltr'><strong><em>πόθος</em></strong></span> <span class='ocrx_word' id='word_1_26' title='bbox 1090 715 1189 791; x_wconf 89' lang='grc' dir='ltr'><strong><em>θεοῦ,</em></strong></span> <span class='ocrx_word' id='word_1_27' title='bbox 1215 715 1414 800; x_wconf 73' lang='grc' dir='ltr'><strong><em>μεταμέλεια</em></strong></span> <span class='ocrx_word' id='word_1_28' title='bbox 1436 705 1514 780; x_wconf 70' lang='grc' dir='ltr'><strong><em>δε“</em></strong></span> <span class='ocrx_word' id='word_1_29' title='bbox 1494 739 1514 798; x_wconf 93' lang='lat'><strong><em>6</em></strong></span> <span class='ocrx_word' id='word_1_30' title='bbox 1536 705 1608 784; x_wconf 75' lang='grc' dir='ltr'><strong><em>ἀπὸ</em></strong></span> 
     </span>
     <span class='ocr_line' id='line_1_4' title="bbox 300 805 1607 927; baseline -0.001 -48"><span class='ocrx_word' id='word_1_31' title='bbox 300 805 499 898; x_wconf 80' lang='grc' dir='ltr'><strong><em>πράγματος</em></strong></span> <span class='ocrx_word' id='word_1_32' title='bbox 525 811 571 892; x_wconf 89' lang='grc' dir='ltr'><strong><em>είς</em></strong></span> <span class='ocrx_word' id='word_1_33' title='bbox 596 813 734 898; x_wconf 74' lang='grc' dir='ltr'><strong><em>πρᾶγμα</em></strong></span> <span class='ocrx_word' id='word_1_34' title='bbox 759 805 939 927; x_wconf 74' lang='grc' dir='ltr'><em>μετάθεσις</em></span> <span class='ocrx_word' id='word_1_35' title='bbox 965 814 1027 898; x_wconf 85' lang='grc' dir='ltr'><strong><em>τῆς</em></strong></span> <span class='ocrx_word' id='word_1_36' title='bbox 1053 815 1118 880; x_wconf 91' lang='grc' dir='ltr'><strong><em>τοῦ</em></strong></span> <span class='ocrx_word' id='word_1_37' title='bbox 1144 814 1230 881; x_wconf 91' lang='grc' dir='ltr'><strong><em>θεοῦ</em></strong></span> <span class='ocrx_word' id='word_1_38' title='bbox 1256 814 1459 898; x_wconf 78' lang='grc' dir='ltr'><strong><em>οἰκονομίας</em></strong></span> <span class='ocrx_word' id='word_1_39' title='bbox 1502 838 1521 878; x_wconf 96' lang='grc' dir='ltr'><strong><em>ο</em></strong></span> <span class='ocrx_word' id='word_1_40' title='bbox 1542 835 1607 898; x_wconf 80' lang='grc' dir='ltr'><strong><em>γαρ</em></strong></span> 
     </span>
     <span class='ocr_line' id='line_1_5' title="bbox 301 902 1606 1028; baseline -0.001 -47.992"><span class='ocrx_word' id='word_1_41' title='bbox 301 905 393 998; x_wconf 79' lang='grc' dir='ltr'><strong><em>ἡμεῖς</em></strong></span> <span class='ocrx_word' id='word_1_42' title='bbox 419 905 704 998; x_wconf 87' lang='grc' dir='ltr'><strong><em>μεταμελοῦμενοι</em></strong></span> <span class='ocrx_word' id='word_1_43' title='bbox 729 914 906 998; x_wconf 79' lang='grc' dir='ltr'><strong><em>ποιοῦμεν,</em></strong></span> <span class='ocrx_word' id='word_1_44' title='bbox 935 915 1114 981; x_wconf 80' lang='grc' dir='ltr'><strong><em>τουτέστιν</em></strong></span> <span class='ocrx_word' id='word_1_45' title='bbox 1141 913 1249 980; x_wconf 77' lang='grc' dir='ltr'><strong><em>ἐκεῖνα</em></strong></span> <span class='ocrx_word' id='word_1_46' title='bbox 1274 936 1354 1028; x_wconf 44' lang='grc' dir='ltr'><strong><em>μεν.</em></strong></span> <span class='ocrx_word' id='word_1_47' title='bbox 1362 906 1530 998; x_wconf 79' lang='grc' dir='ltr'><strong><em>φεύγομεν</em></strong></span> <span class='ocrx_word' id='word_1_48' title='bbox 1552 902 1606 996; x_wconf 81' lang='grc' dir='ltr'><strong><em>ἐφ’</em></strong></span> 
     </span>
     <span class='ocr_line' id='line_1_6' title="bbox 266 1005 1608 1098; baseline -0.001 -19.972"><span class='ocrx_word' id='word_1_49' title='bbox 266 1009 352 1092; x_wconf 72' lang='grc' dir='ltr'><strong><em>δοίς</em></strong></span> <span class='ocrx_word' id='word_1_50' title='bbox 373 1005 655 1098; x_wconf 82' lang='grc' dir='ltr'><strong><em>μετεμελήθημεν,</em></strong></span> <span class='ocrx_word' id='word_1_51' title='bbox 678 1009 776 1096; x_wconf 73' lang='grc' dir='ltr'><strong><em>ἕτερα</em></strong></span> <span class='ocrx_word' id='word_1_52' title='bbox 798 1013 833 1080; x_wconf 74' lang='grc' dir='ltr'><strong><em>δὲ</em></strong></span> <span class='ocrx_word' id='word_1_53' title='bbox 855 1007 1023 1096; x_wconf 81' lang='grc' dir='ltr'><strong><em>διώκομεν</em></strong></span> <span class='ocrx_word' id='word_1_54' title='bbox 1045 1008 1088 1080; x_wconf 84' lang='grc' dir='ltr'><strong><em>τὰ</em></strong></span> <span class='ocrx_word' id='word_1_55' title='bbox 1110 1016 1266 1097; x_wconf 89' lang='grc' dir='ltr'><strong><em>κρείττω,</em></strong></span> <span class='ocrx_word' id='word_1_56' title='bbox 1289 1015 1394 1081; x_wconf 86' lang='grc' dir='ltr'><strong><em>τοῦτο</em></strong></span> <span class='ocrx_word' id='word_1_57' title='bbox 1409 1013 1608 1097; x_wconf 81' lang='grc' dir='ltr'><strong><em>μεταμέλεια</em></strong></span> 
     </span>
     <span class='ocr_line' id='line_1_7' title="bbox 303 1105 1608 1199; baseline -0.001 -23"><span class='ocrx_word' id='word_1_58' title='bbox 303 1113 386 1178; x_wconf 86' lang='grc' dir='ltr'><strong><em>θεοῦ</em></strong></span> <span class='ocrx_word' id='word_1_59' title='bbox 415 1113 555 1196; x_wconf 76' lang='grc' dir='ltr'><strong><em>λέγεται.</em></strong></span> <span class='ocrx_word' id='word_1_60' title='bbox 599 1114 708 1192; x_wconf 89' lang='grc' dir='ltr'><strong><em>διατί;</em></strong></span> <span class='ocrx_word' id='word_1_61' title='bbox 741 1107 854 1198; x_wconf 77' lang='grc' dir='ltr'><strong><em>ἐπειδὴ</em></strong></span> <span class='ocrx_word' id='word_1_62' title='bbox 886 1109 1172 1199; x_wconf 87' lang='grc' dir='ltr'><strong><em>σωματικῶτερον</em></strong></span> <span class='ocrx_word' id='word_1_63' title='bbox 1202 1129 1274 1191; x_wconf 92' lang='grc' dir='ltr'><strong><em>τοῖς</em></strong></span> <span class='ocrx_word' id='word_1_64' title='bbox 1308 1105 1512 1196; x_wconf 79' lang='grc' dir='ltr'><strong><em>βαρυτάτοις</em></strong></span> <span class='ocrx_word' id='word_1_65' title='bbox 1542 1105 1608 1198; x_wconf 82' lang='grc' dir='ltr'><strong><em>τὴν</em></strong></span> 
     </span>
     <span class='ocr_line' id='line_1_8' title="bbox 301 1203 1608 1298; baseline -0.002 -22"><span class='ocrx_word' id='word_1_66' title='bbox 301 1203 457 1278; x_wconf 80' lang='grc' dir='ltr'><strong><em>διάνοιαν</em></strong></span> <span class='ocrx_word' id='word_1_67' title='bbox 488 1209 552 1278; x_wconf 78' lang='grc' dir='ltr'><strong><em>ἔδει</em></strong></span> <span class='ocrx_word' id='word_1_68' title='bbox 582 1213 659 1295; x_wconf 86' lang='grc' dir='ltr'><strong><em>περί</em></strong></span> <span class='ocrx_word' id='word_1_69' title='bbox 687 1213 750 1278; x_wconf 88' lang='grc' dir='ltr'><strong><em>τοῦ</em></strong></span> <span class='ocrx_word' id='word_1_70' title='bbox 774 1213 860 1278; x_wconf 86' lang='grc' dir='ltr'><strong><em>θεοῦ</em></strong></span> <span class='ocrx_word' id='word_1_71' title='bbox 886 1207 967 1291; x_wconf 88' lang='grc' dir='ltr'><strong><em>τοῦς</em></strong></span> <span class='ocrx_word' id='word_1_72' title='bbox 993 1205 1173 1298; x_wconf 79' lang='grc' dir='ltr'><strong><em>προφήτας</em></strong></span> <span class='ocrx_word' id='word_1_73' title='bbox 1199 1203 1342 1297; x_wconf 87' lang='grc' dir='ltr'><strong><em>όμιλεῖν,</em></strong></span> <span class='ocrx_word' id='word_1_74' title='bbox 1373 1210 1429 1278; x_wconf 86' lang='grc' dir='ltr'><strong><em>ίνα</em></strong></span> <span class='ocrx_word' id='word_1_75' title='bbox 1453 1212 1608 1296; x_wconf 78' lang='grc' dir='ltr'><strong><em>χωρηθῇ·</em></strong></span> 
     </span>
     <span class='ocr_line' id='line_1_9' title="bbox 303 1302 1607 1434; baseline -0.003 -57"><span class='ocrx_word' id='word_1_76' title='bbox 303 1310 334 1377; x_wconf 87' lang='lat'><strong><em>06</em></strong></span> <span class='ocrx_word' id='word_1_77' title='bbox 361 1305 424 1434; x_wconf 81' lang='grc' dir='ltr'><strong><em>γὰρ</em></strong></span> <span class='ocrx_word' id='word_1_78' title='bbox 444 1302 666 1428; x_wconf 21' lang='grc' dir='ltr'><strong><em>ἀγάλματα]</em></strong></span> <span class='ocrx_word' id='word_1_79' title='bbox 645 1335 732 1394; x_wconf 89' lang='grc' dir='ltr'><strong><em>απερ</em></strong></span> <span class='ocrx_word' id='word_1_80' title='bbox 753 1309 902 1394; x_wconf 78' lang='grc' dir='ltr'><strong><em>ἔγλυφον</em></strong></span> <span class='ocrx_word' id='word_1_81' title='bbox 922 1314 979 1378; x_wconf 88' lang='grc' dir='ltr'><strong><em>καί</em></strong></span> <span class='ocrx_word' id='word_1_82' title='bbox 1000 1307 1170 1396; x_wconf 82' lang='grc' dir='ltr'><strong><em>ἰχῶνευον</em></strong></span> <span class='ocrx_word' id='word_1_83' title='bbox 1191 1305 1294 1390; x_wconf 88' lang='grc' dir='ltr'><strong><em>θεοῦς</em></strong></span> <span class='ocrx_word' id='word_1_84' title='bbox 1318 1314 1522 1396; x_wconf 78' lang='grc' dir='ltr'><strong><em>νομίζοντες,</em></strong></span> <span class='ocrx_word' id='word_1_85' title='bbox 1544 1305 1607 1428; x_wconf 83' lang='lat'><strong><em>666</em></strong></span> 
     </span>
     <span class='ocr_line' id='line_1_10' title="bbox 303 1403 1609 1527; baseline -0.002 -51"><span class='ocrx_word' id='word_1_86' title='bbox 303 1411 415 1477; x_wconf 81' lang='grc' dir='ltr'><strong><em>δὲκαὶ</em></strong></span> <span class='ocrx_word' id='word_1_87' title='bbox 438 1404 560 1495; x_wconf 77' lang='grc' dir='ltr'><strong><em>ἄλογα,</em></strong></span> <span class='ocrx_word' id='word_1_88' title='bbox 586 1411 663 1490; x_wconf 89' lang='grc' dir='ltr'><strong><em>πῶς</em></strong></span> <span class='ocrx_word' id='word_1_89' title='bbox 690 1403 732 1477; x_wconf 75' lang='grc' dir='ltr'><strong><em>ἂν</em></strong></span> <span class='ocrx_word' id='word_1_90' title='bbox 753 1404 928 1527; x_wconf 79' lang='grc' dir='ltr'><strong><em>ἐχώρησαν</em></strong></span> <span class='ocrx_word' id='word_1_91' title='bbox 955 1405 1008 1479; x_wconf 79' lang='grc' dir='ltr'><strong><em>διὰ</em></strong></span> <span class='ocrx_word' id='word_1_92' title='bbox 1030 1413 1269 1494; x_wconf 83' lang='grc' dir='ltr'><strong><em>πνευματικῶν</em></strong></span> <span class='ocrx_word' id='word_1_93' title='bbox 1291 1403 1472 1496; x_wconf 80' lang='grc' dir='ltr'><strong><em>νοημάτων</em></strong></span> <span class='ocrx_word' id='word_1_94' title='bbox 1495 1410 1609 1476; x_wconf 83' lang='grc' dir='ltr'><strong><em>τεκαὶ</em></strong></span> 
     </span>
     <span class='ocr_line' id='line_1_11' title="bbox 252 1495 935 1595; baseline 0.006 -25"><span class='ocrx_word' id='word_1_95' title='bbox 252 1506 320 1570; x_wconf 85' lang='lat'><strong><em>10‘</em></strong></span> <span class='ocrx_word' id='word_1_96' title='bbox 303 1495 467 1595; x_wconf 82' lang='grc' dir='ltr'><strong><em>ρημοίτων</em></strong></span> <span class='ocrx_word' id='word_1_97' title='bbox 489 1503 532 1577; x_wconf 84' lang='grc' dir='ltr'><strong><em>τὰ</em></strong></span> <span class='ocrx_word' id='word_1_98' title='bbox 554 1513 632 1595; x_wconf 88' lang='grc' dir='ltr'><strong><em>περί</em></strong></span> <span class='ocrx_word' id='word_1_99' title='bbox 653 1511 738 1577; x_wconf 86' lang='grc' dir='ltr'><strong><em>θεοῦ</em></strong></span> <span class='ocrx_word' id='word_1_100' title='bbox 759 1504 935 1595; x_wconf 74' lang='grc' dir='ltr'><strong><em>λεγόμενας</em></strong></span> 
     </span>
    </p>
   </div>
   <div class='ocr_carea' id='block_1_3' title="bbox 387 1626 591 1701">
    <p class='ocr_par' dir='ltr' id='par_1_3' title="bbox 387 1626 591 1701">
     <span class='ocr_line' id='line_1_12' title="bbox 387 1626 591 1701; baseline 0.01 -3"><span class='ocrx_word' id='word_1_101' title='bbox 387 1635 452 1699; x_wconf 83' lang='grc' dir='ltr'><strong><em>Καὶ</em></strong></span> <span class='ocrx_word' id='word_1_102' title='bbox 475 1626 591 1701; x_wconf 82' lang='grc' dir='ltr'><strong><em>πόλιν·</em></strong></span> 
     </span>
    </p>
   </div>
   <div class='ocr_carea' id='block_1_4' title="bbox 253 1745 1815 3034">
    <p class='ocr_par' dir='ltr' id='par_1_4' title="bbox 254 1745 1815 3034">
     <span class='ocr_line' id='line_1_13' title="bbox 387 1745 1608 1842; baseline -0.002 -20"><span class='ocrx_word' id='word_1_103' title='bbox 387 1758 428 1822; x_wconf 84' lang='grc' dir='ltr'><strong><em>Εἰ</em></strong></span> <span class='ocrx_word' id='word_1_104' title='bbox 449 1751 563 1825; x_wconf 83' lang='grc' dir='ltr'><strong><em>πάντα</em></strong></span> <span class='ocrx_word' id='word_1_105' title='bbox 587 1749 749 1842; x_wconf 80' lang='grc' dir='ltr'><strong><em>πρόοιδεν</em></strong></span> <span class='ocrx_word' id='word_1_106' title='bbox 771 1747 790 1824; x_wconf 89' lang='lat'><strong><em>6</em></strong></span> <span class='ocrx_word' id='word_1_107' title='bbox 812 1749 903 1836; x_wconf 90' lang='grc' dir='ltr'><strong><em>θεός,</em></strong></span> <span class='ocrx_word' id='word_1_108' title='bbox 926 1749 988 1824; x_wconf 84' lang='grc' dir='ltr'><strong><em>οῦκ</em></strong></span> <span class='ocrx_word' id='word_1_109' title='bbox 1009 1749 1068 1840; x_wconf 79' lang='grc' dir='ltr'><strong><em>ἀφ’</em></strong></span> <span class='ocrx_word' id='word_1_110' title='bbox 1085 1745 1136 1824; x_wconf 89' lang='grc' dir='ltr'><strong><em>ῶν</em></strong></span> <span class='ocrx_word' id='word_1_111' title='bbox 1152 1759 1187 1826; x_wconf 80' lang='grc' dir='ltr'><strong><em>δὲ</em></strong></span> <span class='ocrx_word' id='word_1_112' title='bbox 1207 1754 1276 1826; x_wconf 90' lang='grc' dir='ltr'><strong><em>οίδε</em></strong></span> <span class='ocrx_word' id='word_1_113' title='bbox 1291 1759 1459 1842; x_wconf 89' lang='grc' dir='ltr'><strong><em>θυμοῦται</em></strong></span> <span class='ocrx_word' id='word_1_114' title='bbox 1473 1747 1495 1840; x_wconf 87' lang='lat'><strong><em>6</em></strong></span> <span class='ocrx_word' id='word_1_115' title='bbox 1510 1777 1608 1838; x_wconf 88' lang='grc' dir='ltr'><strong><em>μετα·</em></strong></span> 
     </span>
     <span class='ocr_line' id='line_1_14' title="bbox 304 1848 1609 1974; baseline -0.002 -52"><span class='ocrx_word' id='word_1_116' title='bbox 304 1859 461 1940; x_wconf 87' lang='grc' dir='ltr'><strong><em>μελεῖται,</em></strong></span> <span class='ocrx_word' id='word_1_117' title='bbox 492 1849 534 1924; x_wconf 86' lang='grc' dir='ltr'><strong><em>οῦ</em></strong></span> <span class='ocrx_word' id='word_1_118' title='bbox 563 1851 678 1935; x_wconf 84' lang='grc' dir='ltr'><strong><em>πόθος</em></strong></span> <span class='ocrx_word' id='word_1_119' title='bbox 707 1851 774 1940; x_wconf 81' lang='grc' dir='ltr'><strong><em>ἄρα</em></strong></span> <span class='ocrx_word' id='word_1_120' title='bbox 803 1859 888 1924; x_wconf 86' lang='grc' dir='ltr'><strong><em>θεοῦ</em></strong></span> <span class='ocrx_word' id='word_1_121' title='bbox 903 1851 1025 1972; x_wconf 42' lang='grc' dir='ltr'><strong><em>’θυμὸς</em></strong></span> <span class='ocrx_word' id='word_1_122' title='bbox 1055 1848 1077 1941; x_wconf 89' lang='lat'><strong><em>6</em></strong></span> <span class='ocrx_word' id='word_1_123' title='bbox 1103 1859 1314 1943; x_wconf 78' lang='grc' dir='ltr'><strong><em>μεταμέλεια,</em></strong></span> <span class='ocrx_word' id='word_1_124' title='bbox 1345 1849 1432 1974; x_wconf 78' lang='lat'><em>6666</em></span> <span class='ocrx_word' id='word_1_125' title='bbox 1459 1855 1522 1923; x_wconf 89' lang='grc' dir='ltr'><strong><em>τοῦ</em></strong></span> <span class='ocrx_word' id='word_1_126' title='bbox 1546 1861 1609 1920; x_wconf 84' lang='grc' dir='ltr'><strong><em>θυ-</em></strong></span> 
     </span>
     <span class='ocr_line' id='line_1_15' title="bbox 303 1947 1732 2074; baseline 0.002 -54"><span class='ocrx_word' id='word_1_127' title='bbox 303 1978 368 2039; x_wconf 90' lang='grc' dir='ltr'><strong><em>μου</em></strong></span> <span class='ocrx_word' id='word_1_128' title='bbox 354 1953 427 2039; x_wconf 73' lang='grc' dir='ltr'><strong><em>’ἔΙί</em></strong></span> <span class='ocrx_word' id='word_1_129' title='bbox 429 1978 512 2040; x_wconf 79' lang='grc' dir='ltr'><strong><em>ργον</em></strong></span> <span class='ocrx_word' id='word_1_130' title='bbox 534 1949 555 2042; x_wconf 86' lang='lat'><strong><em>6</em></strong></span> <span class='ocrx_word' id='word_1_131' title='bbox 576 1949 713 2034; x_wconf 88' lang='grc' dir='ltr'><strong><em>κόλασις</em></strong></span> <span class='ocrx_word' id='word_1_132' title='bbox 733 1958 791 2021; x_wconf 83' lang='grc' dir='ltr'><strong><em>καί</em></strong></span> <span class='ocrx_word' id='word_1_133' title='bbox 812 1949 854 2022; x_wconf 86' lang='grc' dir='ltr'><strong><em>τό</em></strong></span> <span class='ocrx_word' id='word_1_134' title='bbox 877 1957 938 2072; x_wconf 71' lang='grc' dir='ltr'><strong><em>της</em></strong></span> <span class='ocrx_word' id='word_1_135' title='bbox 959 1957 1175 2042; x_wconf 81' lang='grc' dir='ltr'><strong><em>μεταμελείας</em></strong></span> <span class='ocrx_word' id='word_1_136' title='bbox 1195 1948 1321 2074; x_wconf 71' lang='lat'><em>660663</em></span> <span class='ocrx_word' id='word_1_137' title='bbox 1341 1947 1527 2032; x_wconf 75' lang='grc' dir='ltr'><strong><em>ἀπόστασις</em></strong></span> <span class='ocrx_word' id='word_1_138' title='bbox 1548 1954 1610 2036; x_wconf 76' lang='grc' dir='ltr'><strong><em>μὲν</em></strong></span> <span class='ocrx_word' id='word_1_139' title='bbox 1628 1970 1667 2034; x_wconf 90' lang='lat'><strong><em>11,</em></strong></span> <span class='ocrx_word' id='word_1_140' title='bbox 1678 1969 1732 2023; x_wconf 76' lang='lat'><strong><em>480</em></strong></span> 
     </span>
     <span class='ocr_line' id='line_1_16' title="bbox 253 2047 1815 2173; baseline 0 -54"><span class='ocrx_word' id='word_1_141' title='bbox 253 2055 368 2166; x_wconf 67' lang='grc' dir='ltr'><strong><em>τετοῦ</em></strong></span> <span class='ocrx_word' id='word_1_142' title='bbox 399 2057 571 2138; x_wconf 83' lang='grc' dir='ltr'><strong><em>προτέρου</em></strong></span> <span class='ocrx_word' id='word_1_143' title='bbox 599 2048 810 2142; x_wconf 79' lang='grc' dir='ltr'><strong><em>πράγματος,</em></strong></span> <span class='ocrx_word' id='word_1_144' title='bbox 838 2047 1016 2141; x_wconf 80' lang='grc' dir='ltr'><strong><em>μετάθεσις</em></strong></span> <span class='ocrx_word' id='word_1_145' title='bbox 1042 2057 1078 2122; x_wconf 78' lang='grc' dir='ltr'><strong><em>δὲ</em></strong></span> <span class='ocrx_word' id='word_1_146' title='bbox 1104 2058 1151 2134; x_wconf 89' lang='grc' dir='ltr'><strong><em>εἰς</em></strong></span> <span class='ocrx_word' id='word_1_147' title='bbox 1177 2051 1241 2173; x_wconf 61' lang='grc' dir='ltr'><strong><em>τὴν</em></strong></span> <span class='ocrx_word' id='word_1_148' title='bbox 1264 2052 1382 2138; x_wconf 77' lang='grc' dir='ltr'><strong><em>ἑτέραν</em></strong></span> <span class='ocrx_word' id='word_1_149' title='bbox 1403 2053 1609 2137; x_wconf 89' lang='grc' dir='ltr'><strong><em>οἰκονομίαν.</em></strong></span> <span class='ocrx_word' id='word_1_150' title='bbox 1814 2095 1815 2142; x_wconf 59' lang='lat'>1</span> 
     </span>
     <span class='ocr_line' id='line_1_17' title="bbox 305 2141 1608 2240; baseline -0.002 -21"><span class='ocrx_word' id='word_1_151' title='bbox 305 2141 399 2219; x_wconf 85' lang='grc' dir='ltr'><strong><em>υότω</em></strong></span> <span class='ocrx_word' id='word_1_152' title='bbox 428 2155 482 2220; x_wconf 83' lang='grc' dir='ltr'><strong><em>καί</em></strong></span> <span class='ocrx_word' id='word_1_153' title='bbox 503 2157 581 2236; x_wconf 86' lang='grc' dir='ltr'><strong><em>περί</em></strong></span> <span class='ocrx_word' id='word_1_154' title='bbox 602 2152 770 2240; x_wconf 82' lang='grc' dir='ltr'><strong><em>ῥομφαίας</em></strong></span> <span class='ocrx_word' id='word_1_155' title='bbox 792 2156 972 2239; x_wconf 81' lang='grc' dir='ltr'><strong><em>λέγεται·</em></strong></span> <span class='ocrx_word' id='word_1_156' title='bbox 961 2151 1124 2239; x_wconf 80' lang='grc' dir='ltr'><strong><em>ῥομφαία</em></strong></span> <span class='ocrx_word' id='word_1_157' title='bbox 1146 2145 1270 2237; x_wconf 78' lang='grc' dir='ltr'><strong><em>όξῦνου</em></strong></span> <span class='ocrx_word' id='word_1_158' title='bbox 1289 2156 1345 2221; x_wconf 88' lang='grc' dir='ltr'><strong><em>καί</em></strong></span> <span class='ocrx_word' id='word_1_159' title='bbox 1366 2146 1491 2236; x_wconf 60' lang='grc' dir='ltr'><strong><em>σφόζεε.</em></strong></span> <span class='ocrx_word' id='word_1_160' title='bbox 1514 2141 1608 2219; x_wconf 90' lang='grc' dir='ltr'><strong><em>οῦτω</em></strong></span> 
     </span>
     <span class='ocr_line' id='line_1_18' title="bbox 304 2244 1609 2340; baseline -0.001 -23"><span class='ocrx_word' id='word_1_161' title='bbox 304 2255 361 2318; x_wconf 88' lang='grc' dir='ltr'><strong><em>καὶ</em></strong></span> <span class='ocrx_word' id='word_1_162' title='bbox 382 2255 452 2337; x_wconf 86' lang='grc' dir='ltr'><strong><em>χείρ</em></strong></span> <span class='ocrx_word' id='word_1_163' title='bbox 474 2244 669 2338; x_wconf 75' lang='grc' dir='ltr'><strong><em>ὠνόμασται</em></strong></span> <span class='ocrx_word' id='word_1_164' title='bbox 691 2247 829 2339; x_wconf 86' lang='grc' dir='ltr'><strong><em>σιδήρου</em></strong></span> <span class='ocrx_word' id='word_1_165' title='bbox 847 2245 915 2338; x_wconf 85' lang='lat'><strong><em>(†‘</em></strong></span> <span class='ocrx_word' id='word_1_166' title='bbox 896 2279 915 2320; x_wconf 91' lang='grc' dir='ltr'><strong><em>ο</em></strong></span> <span class='ocrx_word' id='word_1_167' title='bbox 931 2249 1115 2338; x_wconf 86' lang='grc' dir='ltr'><strong><em>Σολομῶν·</em></strong></span> <span class='ocrx_word' id='word_1_168' title='bbox 1140 2253 1212 2323; x_wconf 82' lang='grc' dir='ltr'><strong><em>»ίνα</em></strong></span> <span class='ocrx_word' id='word_1_169' title='bbox 1234 2247 1376 2340; x_wconf 89' lang='grc' dir='ltr'><strong><em>ῥόσηταί</em></strong></span> <span class='ocrx_word' id='word_1_170' title='bbox 1396 2273 1433 2320; x_wconf 91' lang='grc' dir='ltr'><strong><em>σε</em></strong></span> <span class='ocrx_word' id='word_1_171' title='bbox 1448 2252 1485 2319; x_wconf 76' lang='grc' dir='ltr'><strong><em>ἐκ</em></strong></span> <span class='ocrx_word' id='word_1_172' title='bbox 1499 2245 1609 2335; x_wconf 84' lang='grc' dir='ltr'><strong><em>χειρός</em></strong></span> 
     </span>
     <span class='ocr_line' id='line_1_19' title="bbox 305 2343 1609 2476; baseline -0.001 -58"><span class='ocrx_word' id='word_1_173' title='bbox 305 2345 476 2476; x_wconf 79' lang='grc' dir='ltr'><strong><em>σιδήρουι)</em></strong></span> <span class='ocrx_word' id='word_1_174' title='bbox 499 2356 555 2419; x_wconf 85' lang='grc' dir='ltr'><strong><em>καί</em></strong></span> <span class='ocrx_word' id='word_1_175' title='bbox 582 2350 750 2438; x_wconf 82' lang='grc' dir='ltr'><strong><em>ῥομφαίας</em></strong></span> <span class='ocrx_word' id='word_1_176' title='bbox 777 2346 838 2438; x_wconf 83' lang='grc' dir='ltr'><strong><em>(ῶς</em></strong></span> <span class='ocrx_word' id='word_1_177' title='bbox 870 2379 888 2420; x_wconf 96' lang='grc' dir='ltr'><strong><em>ο</em></strong></span> <span class='ocrx_word' id='word_1_178' title='bbox 879 2343 1014 2436; x_wconf 66' lang='grc' dir='ltr'><strong><em>’Δαβίδ</em></strong></span> <span class='ocrx_word' id='word_1_179' title='bbox 1035 2371 1150 2439; x_wconf 89' lang='grc' dir='ltr'><strong><em>φησιν·</em></strong></span> <span class='ocrx_word' id='word_1_180' title='bbox 1184 2355 1248 2432; x_wconf 81' lang='grc' dir='ltr'><strong><em>»είς</em></strong></span> <span class='ocrx_word' id='word_1_181' title='bbox 1268 2366 1379 2438; x_wconf 87' lang='grc' dir='ltr'><strong><em>χεῖρας</em></strong></span> <span class='ocrx_word' id='word_1_182' title='bbox 1400 2349 1609 2436; x_wconf 73' lang='grc' dir='ltr'><strong><em>ῥομφαίαςιί.</em></strong></span> 
     </span>
     <span class='ocr_line' id='line_1_20' title="bbox 306 2439 1610 2538; baseline -0.001 -21"><span class='ocrx_word' id='word_1_183' title='bbox 306 2439 399 2518; x_wconf 85' lang='grc' dir='ltr'><strong><em>οῦτω</em></strong></span> <span class='ocrx_word' id='word_1_184' title='bbox 421 2455 478 2518; x_wconf 87' lang='grc' dir='ltr'><strong><em>καὶ</em></strong></span> <span class='ocrx_word' id='word_1_185' title='bbox 505 2442 524 2518; x_wconf 90' lang='lat'><strong><em>6</em></strong></span> <span class='ocrx_word' id='word_1_186' title='bbox 552 2447 660 2536; x_wconf 89' lang='grc' dir='ltr'><strong><em>θυμός</em></strong></span> <span class='ocrx_word' id='word_1_187' title='bbox 681 2454 745 2520; x_wconf 89' lang='grc' dir='ltr'><strong><em>τοῦ</em></strong></span> <span class='ocrx_word' id='word_1_188' title='bbox 765 2455 850 2520; x_wconf 88' lang='grc' dir='ltr'><strong><em>θεοῦ</em></strong></span> <span class='ocrx_word' id='word_1_189' title='bbox 871 2443 1064 2538; x_wconf 77' lang='grc' dir='ltr'><strong><em>ὀργίζεσθαι</em></strong></span> <span class='ocrx_word' id='word_1_190' title='bbox 1087 2455 1219 2536; x_wconf 80' lang='grc' dir='ltr'><strong><em>λέγεται</em></strong></span> <span class='ocrx_word' id='word_1_191' title='bbox 1240 2455 1297 2519; x_wconf 83' lang='grc' dir='ltr'><strong><em>καί</em></strong></span> <span class='ocrx_word' id='word_1_192' title='bbox 1314 2443 1502 2536; x_wconf 84' lang='grc' dir='ltr'><strong><em>πρόσωπον</em></strong></span> <span class='ocrx_word' id='word_1_193' title='bbox 1523 2448 1610 2534; x_wconf 81' lang='grc' dir='ltr'><strong><em>ἔχειν</em></strong></span> 
     </span>
     <span class='ocr_line' id='line_1_21' title="bbox 254 2541 1610 2636; baseline -0.001 -20"><span class='ocrx_word' id='word_1_194' title='bbox 254 2567 288 2623; x_wconf 81' lang='lat'><strong><em>20</em></strong></span> <span class='ocrx_word' id='word_1_195' title='bbox 306 2542 451 2634; x_wconf 75' lang='grc' dir='ltr'><strong><em>ἁμαρτία</em></strong></span> <span class='ocrx_word' id='word_1_196' title='bbox 476 2546 565 2618; x_wconf 84' lang='grc' dir='ltr'><strong><em>κατὰ</em></strong></span> <span class='ocrx_word' id='word_1_197' title='bbox 591 2545 654 2618; x_wconf 86' lang='grc' dir='ltr'><strong><em>τόν</em></strong></span> <span class='ocrx_word' id='word_1_198' title='bbox 677 2553 795 2632; x_wconf 83' lang='grc' dir='ltr'><strong><em>Δαβίδ,</em></strong></span> <span class='ocrx_word' id='word_1_199' title='bbox 824 2557 880 2620; x_wconf 84' lang='grc' dir='ltr'><strong><em>καὶ</em></strong></span> <span class='ocrx_word' id='word_1_200' title='bbox 901 2545 1090 2636; x_wconf 88' lang='grc' dir='ltr'><strong><em>πρόσωπον</em></strong></span> <span class='ocrx_word' id='word_1_201' title='bbox 1117 2543 1136 2620; x_wconf 87' lang='lat'><em>6</em></span> <span class='ocrx_word' id='word_1_202' title='bbox 1163 2553 1227 2618; x_wconf 89' lang='grc' dir='ltr'><strong><em>τοῦ</em></strong></span> <span class='ocrx_word' id='word_1_203' title='bbox 1253 2553 1338 2618; x_wconf 88' lang='grc' dir='ltr'><strong><em>θεοῦ</em></strong></span> <span class='ocrx_word' id='word_1_204' title='bbox 1358 2542 1480 2636; x_wconf 90' lang='grc' dir='ltr'><strong><em>θυμός,</em></strong></span> <span class='ocrx_word' id='word_1_205' title='bbox 1503 2541 1610 2629; x_wconf 84' lang='grc' dir='ltr'><strong><em>ῶςίν</em></strong></span> 
     </span>
     <span class='ocr_line' id='line_1_22' title="bbox 305 2637 1608 2766; baseline -0.002 -50"><span class='ocrx_word' id='word_1_206' title='bbox 305 2653 356 2734; x_wconf 84' lang='grc' dir='ltr'><strong><em>τῷ</em></strong></span> <span class='ocrx_word' id='word_1_207' title='bbox 380 2652 571 2735; x_wconf 81' lang='grc' dir='ltr'><strong><em>τριακοστῷ</em></strong></span> <span class='ocrx_word' id='word_1_208' title='bbox 595 2643 724 2736; x_wconf 76' lang='grc' dir='ltr'><strong><em>ἑβδόμῳ</em></strong></span> <span class='ocrx_word' id='word_1_209' title='bbox 752 2653 888 2736; x_wconf 80' lang='grc' dir='ltr'><strong><em>Ψαλμῷ,</em></strong></span> <span class='ocrx_word' id='word_1_210' title='bbox 910 2656 967 2718; x_wconf 84' lang='grc' dir='ltr'><strong><em>καὶ</em></strong></span> <span class='ocrx_word' id='word_1_211' title='bbox 993 2655 1104 2736; x_wconf 89' lang='grc' dir='ltr'><strong><em>χερσὶν</em></strong></span> <span class='ocrx_word' id='word_1_212' title='bbox 1126 2637 1158 2720; x_wconf 84' lang='grc' dir='ltr'><strong><em>οἰ</em></strong></span> <span class='ocrx_word' id='word_1_213' title='bbox 1180 2654 1329 2733; x_wconf 84' lang='grc' dir='ltr'><strong><em>ποταμοί</em></strong></span> <span class='ocrx_word' id='word_1_214' title='bbox 1350 2664 1495 2766; x_wconf 84' lang='grc' dir='ltr'><strong><em>κροτεῖν.</em></strong></span> <span class='ocrx_word' id='word_1_215' title='bbox 1530 2637 1608 2716; x_wconf 88' lang='grc' dir='ltr'><strong><em>οῦτε</em></strong></span> 
     </span>
     <span class='ocr_line' id='line_1_23' title="bbox 306 2740 1609 2837; baseline -0.002 -21"><span class='ocrx_word' id='word_1_216' title='bbox 306 2751 341 2816; x_wconf 80' lang='grc' dir='ltr'><strong><em>δὲ</em></strong></span> <span class='ocrx_word' id='word_1_217' title='bbox 367 2764 537 2835; x_wconf 75' lang='grc' dir='ltr'><strong><em>ποταμοῖς</em></strong></span> <span class='ocrx_word' id='word_1_218' title='bbox 562 2752 668 2834; x_wconf 79' lang='grc' dir='ltr'><strong><em>χεῖρές</em></strong></span> <span class='ocrx_word' id='word_1_219' title='bbox 696 2740 845 2816; x_wconf 86' lang='grc' dir='ltr'><strong><em>εἰσιν</em></strong></span> <span class='ocrx_word' id='word_1_220' title='bbox 804 2775 883 2818; x_wconf 94' lang='grc' dir='ltr'><strong><em>ουτε</em></strong></span> <span class='ocrx_word' id='word_1_221' title='bbox 908 2743 1099 2837; x_wconf 87' lang='grc' dir='ltr'><strong><em>πρόσωπον</em></strong></span> <span class='ocrx_word' id='word_1_222' title='bbox 1125 2743 1308 2834; x_wconf 75' lang='grc' dir='ltr'><strong><em>ἁμαρτίαις.</em></strong></span> <span class='ocrx_word' id='word_1_223' title='bbox 1348 2745 1393 2835; x_wconf 82' lang='grc' dir='ltr'><strong><em>μὴ</em></strong></span> <span class='ocrx_word' id='word_1_224' title='bbox 1415 2753 1534 2817; x_wconf 91' lang='grc' dir='ltr'><strong><em>τοίνυν</em></strong></span> <span class='ocrx_word' id='word_1_225' title='bbox 1555 2743 1609 2815; x_wconf 87' lang='grc' dir='ltr'><strong><em>δια</em></strong></span> 
     </span>
     <span class='ocr_line' id='line_1_24' title="bbox 305 2842 1610 2934; baseline -0.002 -17"><span class='ocrx_word' id='word_1_226' title='bbox 305 2846 349 2917; x_wconf 81' lang='grc' dir='ltr'><strong><em>τὰ</em></strong></span> <span class='ocrx_word' id='word_1_227' title='bbox 380 2851 581 2934; x_wconf 81' lang='grc' dir='ltr'><strong><em>σωματικῶς</em></strong></span> <span class='ocrx_word' id='word_1_228' title='bbox 608 2851 685 2933; x_wconf 90' lang='grc' dir='ltr'><strong><em>περί</em></strong></span> <span class='ocrx_word' id='word_1_229' title='bbox 711 2851 797 2916; x_wconf 87' lang='grc' dir='ltr'><strong><em>θεοῦ</em></strong></span> <span class='ocrx_word' id='word_1_230' title='bbox 822 2842 994 2934; x_wconf 72' lang='grc' dir='ltr'><strong><em>λεγόμενα,</em></strong></span> <span class='ocrx_word' id='word_1_231' title='bbox 1026 2843 1074 2930; x_wconf 86' lang='grc' dir='ltr'><strong><em>ῶς</em></strong></span> <span class='ocrx_word' id='word_1_232' title='bbox 1100 2845 1254 2934; x_wconf 85' lang='grc' dir='ltr'><strong><em>ἰχῶρουν</em></strong></span> <span class='ocrx_word' id='word_1_233' title='bbox 1281 2850 1313 2917; x_wconf 81' lang='grc' dir='ltr'><strong><em>οἱ</em></strong></span> <span class='ocrx_word' id='word_1_234' title='bbox 1334 2850 1484 2929; x_wconf 88' lang='grc' dir='ltr'><strong><em>παλαιοί,</em></strong></span> <span class='ocrx_word' id='word_1_235' title='bbox 1515 2851 1610 2932; x_wconf 89' lang='grc' dir='ltr'><strong><em>σῶμα</em></strong></span> 
     </span>
     <span class='ocr_line' id='line_1_25' title="bbox 307 2939 1287 3034; baseline 0 -18"><span class='ocrx_word' id='word_1_236' title='bbox 307 2945 370 3017; x_wconf 86' lang='grc' dir='ltr'><strong><em>τὸν</em></strong></span> <span class='ocrx_word' id='word_1_237' title='bbox 392 2943 477 3017; x_wconf 88' lang='grc' dir='ltr'><strong><em>θεὸν</em></strong></span> <span class='ocrx_word' id='word_1_238' title='bbox 499 2952 688 3033; x_wconf 79' lang='grc' dir='ltr'><strong><em>νομίζωμεν</em></strong></span> <span class='ocrx_word' id='word_1_239' title='bbox 709 2939 731 3032; x_wconf 88' lang='lat'><strong><em>6</em></strong></span> <span class='ocrx_word' id='word_1_240' title='bbox 752 2951 881 3015; x_wconf 85' lang='grc' dir='ltr'><strong><em>παθῶν</em></strong></span> <span class='ocrx_word' id='word_1_241' title='bbox 903 2943 1009 3017; x_wconf 75' lang='grc' dir='ltr'><strong><em>αὐτόν</em></strong></span> <span class='ocrx_word' id='word_1_242' title='bbox 1031 2952 1287 3034; x_wconf 76' lang='grc' dir='ltr'><strong><em>πεπληρῶσθαι.</em></strong></span> 
     </span>
    </p>
   </div>
   <div class='ocr_carea' id='block_1_5' title="bbox 255 3059 1612 3357">
    <p class='ocr_par' dir='ltr' id='par_1_5' title="bbox 255 3059 1612 3357">
     <span class='ocr_line' id='line_1_26' title="bbox 255 3059 1610 3164; baseline -0.002 -24"><span class='ocrx_word' id='word_1_243' title='bbox 255 3093 288 3146; x_wconf 81' lang='lat'><strong><em>25</em></strong></span> <span class='ocrx_word' id='word_1_244' title='bbox 391 3059 458 3164; x_wconf 74' lang='lat'><strong><em>{06</em></strong></span> <span class='ocrx_word' id='word_1_245' title='bbox 478 3067 520 3139; x_wconf 87' lang='grc' dir='ltr'><strong><em>τό</em></strong></span> <span class='ocrx_word' id='word_1_246' title='bbox 543 3063 830 3156; x_wconf 87' lang='grc' dir='ltr'><strong><em>εῦπερίστρεπτον</em></strong></span> <span class='ocrx_word' id='word_1_247' title='bbox 852 3073 913 3158; x_wconf 84' lang='grc' dir='ltr'><strong><em>τῆς</em></strong></span> <span class='ocrx_word' id='word_1_248' title='bbox 936 3065 1125 3156; x_wconf 80' lang='grc' dir='ltr'><strong><em>ἄνθρῶπου</em></strong></span> <span class='ocrx_word' id='word_1_249' title='bbox 1150 3069 1288 3158; x_wconf 84' lang='grc' dir='ltr'><strong><em>γνῶμης</em></strong></span> <span class='ocrx_word' id='word_1_250' title='bbox 1311 3075 1364 3159; x_wconf 83' lang='grc' dir='ltr'><strong><em>τῷ</em></strong></span> <span class='ocrx_word' id='word_1_251' title='bbox 1388 3073 1461 3157; x_wconf 83' lang='grc' dir='ltr'><strong><em>θεῷ</em></strong></span> <span class='ocrx_word' id='word_1_252' title='bbox 1485 3091 1610 3153; x_wconf 87' lang='grc' dir='ltr'><strong><em>προσα·</em></strong></span> 
     </span>
     <span class='ocr_line' id='line_1_27' title="bbox 307 3163 1612 3287; baseline -0.002 -47"><span class='ocrx_word' id='word_1_253' title='bbox 307 3173 427 3240; x_wconf 86' lang='grc' dir='ltr'><strong><em>πτίον·</em></strong></span> <span class='ocrx_word' id='word_1_254' title='bbox 458 3165 549 3256; x_wconf 80' lang='grc' dir='ltr'><strong><em>ἡμεῖς</em></strong></span> <span class='ocrx_word' id='word_1_255' title='bbox 575 3166 638 3257; x_wconf 75' lang='grc' dir='ltr'><strong><em>γὰρ</em></strong></span> <span class='ocrx_word' id='word_1_256' title='bbox 664 3171 702 3254; x_wconf 84' lang='grc' dir='ltr'><strong><em>ίη</em></strong></span> <span class='ocrx_word' id='word_1_257' title='bbox 703 3163 717 3226; x_wconf 75' lang='lat'><strong><em>.-’</em></strong></span> <span class='ocrx_word' id='word_1_258' title='bbox 741 3169 875 3238; x_wconf 78' lang='grc' dir='ltr'><strong><em>ἑαυτῶν</em></strong></span> <span class='ocrx_word' id='word_1_259' title='bbox 902 3168 963 3250; x_wconf 84' lang='grc' dir='ltr'><strong><em>τὰς</em></strong></span> <span class='ocrx_word' id='word_1_260' title='bbox 985 3168 1115 3287; x_wconf 67' lang='lat'><em>660666</em></span> <span class='ocrx_word' id='word_1_261' title='bbox 1136 3175 1198 3257; x_wconf 80' lang='grc' dir='ltr'><strong><em>τῆς</em></strong></span> <span class='ocrx_word' id='word_1_262' title='bbox 1218 3174 1314 3252; x_wconf 90' lang='grc' dir='ltr'><strong><em>θείας</em></strong></span> <span class='ocrx_word' id='word_1_263' title='bbox 1335 3173 1530 3256; x_wconf 83' lang='grc' dir='ltr'><strong><em>οἰκονομίας</em></strong></span> <span class='ocrx_word' id='word_1_264' title='bbox 1551 3165 1612 3249; x_wconf 81' lang='grc' dir='ltr'><strong><em>τὰς</em></strong></span> 
     </span>
     <span class='ocr_line' id='line_1_28' title="bbox 308 3263 1612 3357; baseline -0.003 -16.943"><span class='ocrx_word' id='word_1_265' title='bbox 308 3263 361 3354; x_wconf 74' lang='grc' dir='ltr'><strong><em>ἐφ’</em></strong></span> <span class='ocrx_word' id='word_1_266' title='bbox 376 3263 474 3357; x_wconf 85' lang='grc' dir='ltr'><strong><em>ἡμῶν</em></strong></span> <span class='ocrx_word' id='word_1_267' title='bbox 496 3270 586 3336; x_wconf 88' lang='grc' dir='ltr'><strong><em>δικαί</em></strong></span> <span class='ocrx_word' id='word_1_268' title='bbox 573 3275 635 3350; x_wconf 90' lang='grc' dir='ltr'><strong><em>ίως</em></strong></span> <span class='ocrx_word' id='word_1_269' title='bbox 657 3267 899 3355; x_wconf 83' lang='grc' dir='ltr'><strong><em>συμβαινοόσας</em></strong></span> <span class='ocrx_word' id='word_1_270' title='bbox 922 3264 1187 3357; x_wconf 80' lang='grc' dir='ltr'><strong><em>ἀπεργαζόμεθα,</em></strong></span> <span class='ocrx_word' id='word_1_271' title='bbox 1211 3265 1402 3354; x_wconf 75' lang='grc' dir='ltr'><strong><em>ἀναξίους</em></strong></span> <span class='ocrx_word' id='word_1_272' title='bbox 1390 3267 1530 3350; x_wconf 90' lang='grc' dir='ltr'><strong><em>εαυτοῦς</em></strong></span> <span class='ocrx_word' id='word_1_273' title='bbox 1549 3272 1612 3337; x_wconf 85' lang='grc' dir='ltr'><strong><em>δει·</em></strong></span> 
     </span>
    </p>
   </div>
   <div class='ocr_carea' id='block_1_6' title="bbox 256 3363 1617 3952">
    <p class='ocr_par' dir='ltr' id='par_1_6' title="bbox 256 3363 1617 3952">
     <span class='ocr_line' id='line_1_29' title="bbox 307 3363 1613 3493; baseline 0 -57"><span class='ocrx_word' id='word_1_274' title='bbox 307 3365 449 3448; x_wconf 87' lang='grc' dir='ltr'><strong><em>κνῦντες</em></strong></span> <span class='ocrx_word' id='word_1_275' title='bbox 481 3363 535 3435; x_wconf 81' lang='grc' dir='ltr'><strong><em>διὰ</em></strong></span> <span class='ocrx_word' id='word_1_276' title='bbox 566 3373 639 3435; x_wconf 91' lang='grc' dir='ltr'><strong><em>τῶν</em></strong></span> <span class='ocrx_word' id='word_1_277' title='bbox 670 3363 827 3454; x_wconf 76' lang='grc' dir='ltr'><strong><em>πράξεων</em></strong></span> <span class='ocrx_word' id='word_1_278' title='bbox 857 3373 918 3493; x_wconf 63' lang='grc' dir='ltr'><strong><em>τῇς</em></strong></span> <span class='ocrx_word' id='word_1_279' title='bbox 948 3366 1040 3456; x_wconf 80' lang='grc' dir='ltr'><strong><em>παρὰ</em></strong></span> <span class='ocrx_word' id='word_1_280' title='bbox 1072 3373 1135 3438; x_wconf 91' lang='grc' dir='ltr'><strong><em>τοῦ</em></strong></span> <span class='ocrx_word' id='word_1_281' title='bbox 1161 3373 1248 3439; x_wconf 87' lang='grc' dir='ltr'><strong><em>θεοῦ</em></strong></span> <span class='ocrx_word' id='word_1_282' title='bbox 1273 3373 1481 3456; x_wconf 90' lang='grc' dir='ltr'><strong><em>δωρηθείσης</em></strong></span> <span class='ocrx_word' id='word_1_283' title='bbox 1508 3371 1613 3456; x_wconf 81' lang='grc' dir='ltr'><strong><em>τιμῆς.</em></strong></span> 
     </span>
     <span class='ocr_line' id='line_1_30' title="bbox 307 3456 1613 3589; baseline -0.002 -53"><span class='ocrx_word' id='word_1_284' title='bbox 307 3464 497 3586; x_wconf 74' lang='grc' dir='ltr'><strong><em>καταγνοῦς</em></strong></span> <span class='ocrx_word' id='word_1_285' title='bbox 524 3456 587 3535; x_wconf 87' lang='grc' dir='ltr'><strong><em>οῦν</em></strong></span> <span class='ocrx_word' id='word_1_286' title='bbox 614 3471 676 3536; x_wconf 91' lang='grc' dir='ltr'><strong><em>τοῦ</em></strong></span> <span class='ocrx_word' id='word_1_287' title='bbox 696 3467 813 3538; x_wconf 88' lang='grc' dir='ltr'><strong><em>Σαοῦλ</em></strong></span> <span class='ocrx_word' id='word_1_288' title='bbox 836 3475 890 3537; x_wconf 87' lang='grc' dir='ltr'><strong><em>καὶ</em></strong></span> <span class='ocrx_word' id='word_1_289' title='bbox 910 3462 1118 3589; x_wconf 78' lang='grc' dir='ltr'><strong><em>&gt;βουλόμενος</em></strong></span> <span class='ocrx_word' id='word_1_290' title='bbox 1140 3473 1191 3557; x_wconf 83' lang='grc' dir='ltr'><strong><em>τῷ</em></strong></span> <span class='ocrx_word' id='word_1_291' title='bbox 1215 3471 1318 3551; x_wconf 85' lang='grc' dir='ltr'><strong><em>Δαβίδ</em></strong></span> <span class='ocrx_word' id='word_1_292' title='bbox 1337 3471 1547 3553; x_wconf 92' lang='grc' dir='ltr'><strong><em>παραδοῦναι</em></strong></span> <span class='ocrx_word' id='word_1_293' title='bbox 1569 3465 1613 3535; x_wconf 81' lang='grc' dir='ltr'><strong><em>τὰ</em></strong></span> 
     </span>
     <span class='ocr_line' id='line_1_31' title="bbox 256 3559 1614 3686; baseline -0.002 -50"><span class='ocrx_word' id='word_1_294' title='bbox 256 3595 290 3650; x_wconf 89' lang='lat'><strong><em>30</em></strong></span> <span class='ocrx_word' id='word_1_295' title='bbox 308 3572 369 3654; x_wconf 74' lang='grc' dir='ltr'><strong><em>τῆς</em></strong></span> <span class='ocrx_word' id='word_1_296' title='bbox 396 3559 498 3686; x_wconf 63' lang='grc' dir='ltr'><strong><em>ῶρχης</em></strong></span> <span class='ocrx_word' id='word_1_297' title='bbox 524 3571 579 3634; x_wconf 85' lang='grc' dir='ltr'><strong><em>καί</em></strong></span> <span class='ocrx_word' id='word_1_298' title='bbox 607 3571 659 3654; x_wconf 81' lang='grc' dir='ltr'><strong><em>τῷ</em></strong></span> <span class='ocrx_word' id='word_1_299' title='bbox 686 3571 850 3655; x_wconf 77' lang='grc' dir='ltr'><strong><em>σπέρματι</em></strong></span> <span class='ocrx_word' id='word_1_300' title='bbox 876 3563 983 3637; x_wconf 77' lang='grc' dir='ltr'><strong><em>αὐτοῦ</em></strong></span> <span class='ocrx_word' id='word_1_301' title='bbox 1010 3563 1154 3653; x_wconf 73' lang='grc' dir='ltr'><strong><em>φυλάξαι</em></strong></span> <span class='ocrx_word' id='word_1_302' title='bbox 1183 3565 1247 3654; x_wconf 86' lang='grc' dir='ltr'><strong><em>τὴν</em></strong></span> <span class='ocrx_word' id='word_1_303' title='bbox 1273 3571 1443 3648; x_wconf 77' lang='grc' dir='ltr'><strong><em>βασιλείαν</em></strong></span> <span class='ocrx_word' id='word_1_304' title='bbox 1469 3563 1524 3635; x_wconf 87' lang='grc' dir='ltr'><strong><em>διδι</em></strong></span> <span class='ocrx_word' id='word_1_305' title='bbox 1550 3562 1614 3635; x_wconf 86' lang='grc' dir='ltr'><strong><em>τόν</em></strong></span> 
     </span>
     <span class='ocr_line' id='line_1_32' title="bbox 308 3637 1614 3753; baseline 0.002 -17"><span class='ocrx_word' id='word_1_306' title='bbox 308 3671 342 3751; x_wconf 81' lang='grc' dir='ltr'><strong><em>ίξ</em></strong></span> <span class='ocrx_word' id='word_1_307' title='bbox 373 3659 480 3734; x_wconf 78' lang='grc' dir='ltr'><strong><em>αὐτοῦ</em></strong></span> <span class='ocrx_word' id='word_1_308' title='bbox 511 3637 761 3753; x_wconf 86' lang='grc' dir='ltr'><strong><em>τεχθησόμενον</em></strong></span> <span class='ocrx_word' id='word_1_309' title='bbox 790 3663 878 3736; x_wconf 83' lang='grc' dir='ltr'><strong><em>κατὰ</em></strong></span> <span class='ocrx_word' id='word_1_310' title='bbox 909 3661 1015 3753; x_wconf 80' lang='grc' dir='ltr'><strong><em>σάρκα</em></strong></span> <span class='ocrx_word' id='word_1_311' title='bbox 1044 3670 1180 3750; x_wconf 79' lang='grc' dir='ltr'><strong><em>βασιλέα</em></strong></span> <span class='ocrx_word' id='word_1_312' title='bbox 1213 3670 1274 3753; x_wconf 82' lang='grc' dir='ltr'><strong><em>τῆς</em></strong></span> <span class='ocrx_word' id='word_1_313' title='bbox 1304 3671 1447 3747; x_wconf 88' lang='grc' dir='ltr'><strong><em>κτίσεως</em></strong></span> <span class='ocrx_word' id='word_1_314' title='bbox 1473 3659 1614 3750; x_wconf 74' lang='grc' dir='ltr'><strong><em>διιείσης,</em></strong></span> 
     </span>
     <span class='ocr_line' id='line_1_33' title="bbox 309 3760 1617 3853; baseline -0.003 -17"><span class='ocrx_word' id='word_1_315' title='bbox 309 3760 543 3851; x_wconf 78' lang='grc' dir='ltr'><strong><em>ἀνθρωπίνοις</em></strong></span> <span class='ocrx_word' id='word_1_316' title='bbox 573 3761 737 3852; x_wconf 74' lang='grc' dir='ltr'><strong><em>ἐχρήσατο</em></strong></span> <span class='ocrx_word' id='word_1_317' title='bbox 769 3761 911 3853; x_wconf 82' lang='grc' dir='ltr'><strong><em>ῥήμασιν</em></strong></span> <span class='ocrx_word' id='word_1_318' title='bbox 933 3762 1134 3852; x_wconf 80' lang='grc' dir='ltr'><strong><em>ἀνθρώποις</em></strong></span> <span class='ocrx_word' id='word_1_319' title='bbox 1156 3761 1404 3852; x_wconf 84' lang='grc' dir='ltr'><strong><em>διαλεγόμενος,</em></strong></span> <span class='ocrx_word' id='word_1_320' title='bbox 1431 3769 1487 3834; x_wconf 87' lang='grc' dir='ltr'><strong><em>καί</em></strong></span> <span class='ocrx_word' id='word_1_321' title='bbox 1508 3761 1617 3833; x_wconf 73' lang='grc' dir='ltr'><strong><em>εἶπεν·</em></strong></span> 
     </span>
     <span class='ocr_line' id='line_1_34' title="bbox 307 3854 1615 3952; baseline -0.002 -19"><span class='ocrx_word' id='word_1_322' title='bbox 307 3866 630 3952; x_wconf 82' lang='grc' dir='ltr'><strong><em>μεταμεμὲλημαι</em></strong></span> <span class='ocrx_word' id='word_1_323' title='bbox 656 3854 721 3933; x_wconf 82' lang='grc' dir='ltr'><strong><em>ότι</em></strong></span> <span class='ocrx_word' id='word_1_324' title='bbox 747 3866 881 3951; x_wconf 85' lang='grc' dir='ltr'><strong><em>ἔχρισα</em></strong></span> <span class='ocrx_word' id='word_1_325' title='bbox 908 3863 979 3936; x_wconf 87' lang='grc' dir='ltr'><strong><em>τὸν</em></strong></span> <span class='ocrx_word' id='word_1_326' title='bbox 1002 3863 1139 3936; x_wconf 83' lang='grc' dir='ltr'><strong><em>Σαοὺλ</em></strong></span> <span class='ocrx_word' id='word_1_327' title='bbox 1166 3868 1220 3945; x_wconf 92' lang='grc' dir='ltr'><strong><em>είς</em></strong></span> <span class='ocrx_word' id='word_1_328' title='bbox 1246 3867 1424 3947; x_wconf 81' lang='grc' dir='ltr'><strong><em>βασιλέα,</em></strong></span> <span class='ocrx_word' id='word_1_329' title='bbox 1452 3857 1529 3933; x_wconf 79' lang='grc' dir='ltr'><strong><em>ἄντί</em></strong></span> <span class='ocrx_word' id='word_1_330' title='bbox 1551 3865 1615 3932; x_wconf 91' lang='grc' dir='ltr'><strong><em>τοῦ</em></strong></span> 
     </span>
    </p>
   </div>
   <div class='ocr_carea' id='block_1_7' title="bbox 308 4057 1617 4398">
    <p class='ocr_par' dir='ltr' id='par_1_7' title="bbox 308 4057 1617 4398">
     <span class='ocr_line' id='line_1_35' title="bbox 393 4057 1615 4142; baseline -0.002 -14"><span class='ocrx_word' id='word_1_331' title='bbox 393 4073 429 4128; x_wconf 83' lang='grc' dir='ltr'><strong><em>ιο</em></strong></span> <span class='ocrx_word' id='word_1_332' title='bbox 450 4071 511 4142; x_wconf 79' lang='lat' dir='ltr'><strong>Vgl.</strong></span> <span class='ocrx_word' id='word_1_333' title='bbox 530 4070 627 4127; x_wconf 65' lang='grc' dir='ltr'><strong><em>ετεεε.</em></strong></span> <span class='ocrx_word' id='word_1_334' title='bbox 645 4073 686 4136; x_wconf 89' lang='lat'><strong><em>21,</em></strong></span> <span class='ocrx_word' id='word_1_335' title='bbox 704 4073 783 4128; x_wconf 86' lang='lat'>9.10.</span> <span class='ocrx_word' id='word_1_336' title='bbox 808 4103 838 4113; x_wconf 90' lang='lat'>-</span> <span class='ocrx_word' id='word_1_337' title='bbox 859 4076 895 4132; x_wconf 82' lang='grc' dir='ltr'><strong><em>ιι</em></strong></span> <span class='ocrx_word' id='word_1_338' title='bbox 915 4074 988 4129; x_wconf 79' lang='lat' dir='ltr'><strong><em>ffiob</em></strong></span> <span class='ocrx_word' id='word_1_339' title='bbox 1006 4077 1030 4142; x_wconf 85' lang='lat'><strong><em>5,</em></strong></span> <span class='ocrx_word' id='word_1_340' title='bbox 1048 4077 1082 4130; x_wconf 75' lang='grc' dir='ltr'><strong><em>εο</em></strong></span> <span class='ocrx_word' id='word_1_341' title='bbox 1098 4094 1131 4128; x_wconf 73' lang='lat' dir='ltr'><strong><em>w.</em></strong></span> <span class='ocrx_word' id='word_1_342' title='bbox 1146 4091 1170 4130; x_wconf 75' lang='grc' dir='ltr'><strong><em>ε.</em></strong></span> <span class='ocrx_word' id='word_1_343' title='bbox 1182 4075 1237 4129; x_wconf 60' lang='grc' dir='ltr'><strong><em>τοι.</em></strong></span> <span class='ocrx_word' id='word_1_344' title='bbox 1263 4057 1297 4114; x_wconf 88' lang='grc'><strong><em>-’</em></strong></span> <span class='ocrx_word' id='word_1_345' title='bbox 1320 4073 1355 4128; x_wconf 86' lang='grc' dir='ltr'><strong><em>ιε</em></strong></span> <span class='ocrx_word' id='word_1_346' title='bbox 1372 4071 1444 4126; x_wconf 66' lang='grc' dir='ltr'><strong><em>νεα</em></strong></span> <span class='ocrx_word' id='word_1_347' title='bbox 1463 4073 1504 4136; x_wconf 76' lang='grc' dir='ltr'><strong><em>οε</em></strong></span> <span class='ocrx_word' id='word_1_348' title='bbox 1523 4073 1563 4126; x_wconf 86' lang='lat'><strong><em>11.</em></strong></span> <span class='ocrx_word' id='word_1_349' title='bbox 1582 4103 1615 4110; x_wconf 91' lang='lat'><em>-</em></span> 
     </span>
     <span class='ocr_line' id='line_1_36' title="bbox 310 4155 1615 4229; baseline -0.005 -15"><span class='ocrx_word' id='word_1_350' title='bbox 310 4158 347 4214; x_wconf 78' lang='lat'><strong><em>16</em></strong></span> <span class='ocrx_word' id='word_1_351' title='bbox 365 4157 428 4228; x_wconf 78' lang='lat' dir='ltr'><strong>vgl.</strong></span> <span class='ocrx_word' id='word_1_352' title='bbox 446 4155 518 4211; x_wconf 78' lang='lat' dir='ltr'><strong>Peal.</strong></span> <span class='ocrx_word' id='word_1_353' title='bbox 538 4158 578 4220; x_wconf 69' lang='lat'><strong><em>13,</em></strong></span> <span class='ocrx_word' id='word_1_354' title='bbox 597 4160 620 4210; x_wconf 89' lang='lat'><strong><em>1.</em></strong></span> <span class='ocrx_word' id='word_1_355' title='bbox 638 4185 671 4196; x_wconf 93' lang='lat'>-</span> <span class='ocrx_word' id='word_1_356' title='bbox 691 4157 780 4224; x_wconf 75' lang='lat'><em>162⁰</em></span> <span class='ocrx_word' id='word_1_357' title='bbox 798 4157 860 4228; x_wconf 79' lang='lat' dir='ltr'>Vgl.</span> <span class='ocrx_word' id='word_1_358' title='bbox 875 4158 947 4213; x_wconf 76' lang='grc' dir='ltr'><strong><em>Ρεαί.</em></strong></span> <span class='ocrx_word' id='word_1_359' title='bbox 960 4163 1001 4224; x_wconf 84' lang='grc'><strong><em>37,</em></strong></span> <span class='ocrx_word' id='word_1_360' title='bbox 1015 4165 1040 4216; x_wconf 88' lang='grc'><strong><em>4.</em></strong></span> <span class='ocrx_word' id='word_1_361' title='bbox 1057 4191 1091 4199; x_wconf 95' lang='grc'>-</span> <span class='ocrx_word' id='word_1_362' title='bbox 1110 4159 1146 4214; x_wconf 78' lang='lat'><strong><em>21</em></strong></span> <span class='ocrx_word' id='word_1_363' title='bbox 1167 4157 1231 4229; x_wconf 73' lang='lat' dir='ltr'>ng</span> <span class='ocrx_word' id='word_1_364' title='bbox 1250 4156 1322 4214; x_wconf 79' lang='lat' dir='ltr'><strong>Psal.</strong></span> <span class='ocrx_word' id='word_1_365' title='bbox 1340 4159 1381 4222; x_wconf 70' lang='lat'><strong><em>97,</em></strong></span> <span class='ocrx_word' id='word_1_366' title='bbox 1399 4158 1423 4212; x_wconf 88' lang='grc'><strong><em>8.</em></strong></span> <span class='ocrx_word' id='word_1_367' title='bbox 1442 4185 1475 4194; x_wconf 90' lang='grc'>-</span> <span class='ocrx_word' id='word_1_368' title='bbox 1494 4155 1534 4212; x_wconf 72' lang='lat'><strong><em>28</em></strong></span> <span class='ocrx_word' id='word_1_369' title='bbox 1552 4155 1615 4226; x_wconf 76' lang='lat' dir='ltr'>vgl.</span> 
     </span>
     <span class='ocr_line' id='line_1_37' title="bbox 308 4231 1617 4314; baseline -0.002 -18"><span class='ocrx_word' id='word_1_370' title='bbox 308 4241 362 4298; x_wconf 75' lang='lat' dir='ltr'>sel.</span> <span class='ocrx_word' id='word_1_371' title='bbox 379 4240 409 4295; x_wconf 83' lang='lat' dir='ltr'><strong><em>in</em></strong></span> <span class='ocrx_word' id='word_1_372' title='bbox 427 4239 494 4296; x_wconf 82' lang='lat' dir='ltr'><strong>Gen.</strong></span> <span class='ocrx_word' id='word_1_373' title='bbox 514 4244 537 4306; x_wconf 90' lang='lat'><strong><em>1,</em></strong></span> <span class='ocrx_word' id='word_1_374' title='bbox 556 4241 589 4295; x_wconf 81' lang='grc'><strong><em>26</em></strong></span> <span class='ocrx_word' id='word_1_375' title='bbox 607 4240 655 4308; x_wconf 71' lang='lat' dir='ltr'><strong><em>[Iao</em></strong></span> <span class='ocrx_word' id='word_1_376' title='bbox 673 4239 697 4304; x_wconf 88' lang='grc'><strong><em>8,</em></strong></span> <span class='ocrx_word' id='word_1_377' title='bbox 716 4241 772 4308; x_wconf 82' lang='lat'>49):</span> <span class='ocrx_word' id='word_1_378' title='bbox 800 4231 841 4296; x_wconf 80' lang='grc' dir='ltr'><strong><em>ὧν</em></strong></span> <span class='ocrx_word' id='word_1_379' title='bbox 866 4239 924 4297; x_wconf 79' lang='grc' dir='ltr'><strong><em>ἐστι</em></strong></span> <span class='ocrx_word' id='word_1_380' title='bbox 946 4244 995 4298; x_wconf 88' lang='grc' dir='ltr'><strong><em>καί</em></strong></span> <span class='ocrx_word' id='word_1_381' title='bbox 1017 4243 1157 4308; x_wconf 88' lang='grc' dir='ltr'><strong><em>Μελίτων,</em></strong></span> <span class='ocrx_word' id='word_1_382' title='bbox 1177 4240 1384 4314; x_wconf 78' lang='grc' dir='ltr'><strong><em>συγγράμματα</em></strong></span> <span class='ocrx_word' id='word_1_383' title='bbox 1402 4237 1617 4304; x_wconf 84' lang='grc' dir='ltr'><strong><em>καταλελοιπὼς</em></strong></span> 
     </span>
     <span class='ocr_line' id='line_1_38' title="bbox 309 4317 1326 4398; baseline 0 -18"><span class='ocrx_word' id='word_1_384' title='bbox 309 4327 375 4398; x_wconf 86' lang='grc' dir='ltr'><strong><em>περί</em></strong></span> <span class='ocrx_word' id='word_1_385' title='bbox 391 4331 443 4381; x_wconf 84' lang='grc' dir='ltr'><strong><em>τοῦ</em></strong></span> <span class='ocrx_word' id='word_1_386' title='bbox 460 4321 628 4392; x_wconf 77' lang='grc' dir='ltr'><strong><em>ἐνσώματσν</em></strong></span> <span class='ocrx_word' id='word_1_387' title='bbox 647 4317 720 4380; x_wconf 84' lang='grc' dir='ltr'><strong><em>εἶναι</em></strong></span> <span class='ocrx_word' id='word_1_388' title='bbox 737 4323 788 4380; x_wconf 87' lang='grc' dir='ltr'><strong><em>τδν</em></strong></span> <span class='ocrx_word' id='word_1_389' title='bbox 807 4327 878 4382; x_wconf 85' lang='grc' dir='ltr'><strong><em>θεόν</em></strong></span> <span class='ocrx_word' id='word_1_390' title='bbox 895 4331 953 4382; x_wconf 88' lang='grc' dir='ltr'><strong><em>κτλ.</em></strong></span> <span class='ocrx_word' id='word_1_391' title='bbox 972 4356 1004 4368; x_wconf 90' lang='grc'>-</span> <span class='ocrx_word' id='word_1_392' title='bbox 1024 4328 1061 4383; x_wconf 76' lang='lat'><strong><em>81</em></strong></span> <span class='ocrx_word' id='word_1_393' title='bbox 1083 4327 1146 4398; x_wconf 80' lang='lat' dir='ltr'><strong>vgl.</strong></span> <span class='ocrx_word' id='word_1_394' title='bbox 1165 4325 1240 4380; x_wconf 66' lang='lat' dir='ltr'>Rom.</span> <span class='ocrx_word' id='word_1_395' title='bbox 1260 4330 1283 4390; x_wconf 92' lang='grc'><strong><em>1,</em></strong></span> <span class='ocrx_word' id='word_1_396' title='bbox 1302 4327 1326 4382; x_wconf 85' lang='grc'><strong><em>3.</em></strong></span> 
     </span>
    </p>
   </div>
   <div class='ocr_carea' id='block_1_8' title="bbox 311 4505 1616 4666">
    <p class='ocr_par' dir='ltr' id='par_1_8' title="bbox 311 4505 1616 4666">
     <span class='ocr_line' id='line_1_39' title="bbox 398 4505 1616 4581; baseline -0.001 -18"><span class='ocrx_word' id='word_1_397' title='bbox 398 4509 434 4563; x_wconf 78' lang='lat'><strong><em>12</em></strong></span> <span class='ocrx_word' id='word_1_398' title='bbox 459 4507 592 4579; x_wconf 80' lang='grc' dir='ltr'><strong><em>πρόοιδεν</em></strong></span> <span class='ocrx_word' id='word_1_399' title='bbox 610 4509 688 4562; x_wconf 83' lang='grc' dir='ltr'><strong><em>Βίιιεε</em></strong></span> <span class='ocrx_word' id='word_1_400' title='bbox 711 4513 842 4581; x_wconf 86' lang='grc' dir='ltr'><strong><em>προεῖδει·</em></strong></span> <span class='ocrx_word' id='word_1_401' title='bbox 860 4527 897 4564; x_wconf 78' lang='grc' dir='ltr'><strong><em>σε</em></strong></span> <span class='ocrx_word' id='word_1_402' title='bbox 921 4513 926 4578; x_wconf 95' lang='grc' dir='ltr'>Ι</span> <span class='ocrx_word' id='word_1_403' title='bbox 950 4511 986 4566; x_wconf 77' lang='grc'><strong><em>16</em></strong></span> <span class='ocrx_word' id='word_1_404' title='bbox 1004 4508 1106 4577; x_wconf 81' lang='grc' dir='ltr'><strong><em>δξῦνου</em></strong></span> <span class='ocrx_word' id='word_1_405' title='bbox 1123 4510 1180 4580; x_wconf 87' lang='grc' dir='ltr'><strong><em>καὶ]</em></strong></span> <span class='ocrx_word' id='word_1_406' title='bbox 1204 4509 1344 4576; x_wconf 79' lang='grc' dir='ltr'><strong><em>ὀξίνουσα</em></strong></span> <span class='ocrx_word' id='word_1_407' title='bbox 1362 4526 1399 4564; x_wconf 74' lang='grc' dir='ltr'><strong><em>σε</em></strong></span> <span class='ocrx_word' id='word_1_408' title='bbox 1423 4513 1427 4578; x_wconf 90' lang='grc'>1</span> <span class='ocrx_word' id='word_1_409' title='bbox 1452 4505 1552 4578; x_wconf 82' lang='grc' dir='ltr'><strong><em>σφάζει</em></strong></span> <span class='ocrx_word' id='word_1_410' title='bbox 1573 4524 1590 4561; x_wconf 89' lang='grc' dir='ltr'><strong><em>ο</em></strong></span> <span class='ocrx_word' id='word_1_411' title='bbox 1613 4513 1616 4572; x_wconf 77' lang='grc' dir='ltr'><strong><em>ί</em></strong></span> 
     </span>
     <span class='ocr_line' id='line_1_40' title="bbox 311 4586 1304 4666; baseline -0.002 -18"><span class='ocrx_word' id='word_1_412' title='bbox 311 4593 351 4648; x_wconf 81' lang='grc' dir='ltr'><strong><em>ίθ</em></strong></span> <span class='ocrx_word' id='word_1_413' title='bbox 369 4586 453 4662; x_wconf 71' lang='grc' dir='ltr'><strong><em>ἔχειν]</em></strong></span> <span class='ocrx_word' id='word_1_414' title='bbox 473 4587 554 4662; x_wconf 78' lang='grc' dir='ltr'><strong><em>ίσχεν</em></strong></span> <span class='ocrx_word' id='word_1_415' title='bbox 572 4593 662 4660; x_wconf 71' lang='lat'><strong><em>0120</em></strong></span> <span class='ocrx_word' id='word_1_416' title='bbox 681 4589 817 4664; x_wconf 83' lang='grc' dir='ltr'><strong><em>ἁμαρτία]</em></strong></span> <span class='ocrx_word' id='word_1_417' title='bbox 836 4590 978 4666; x_wconf 83' lang='grc' dir='ltr'><strong><em>ἁμαρτίας</em></strong></span> <span class='ocrx_word' id='word_1_418' title='bbox 996 4611 1033 4650; x_wconf 84' lang='lat' dir='ltr'><strong><em>cv</em></strong></span> <span class='ocrx_word' id='word_1_419' title='bbox 1049 4597 1053 4664; x_wconf 94' lang='grc' dir='ltr'>Ι</span> <span class='ocrx_word' id='word_1_420' title='bbox 1069 4595 1108 4650; x_wconf 76' lang='lat'><strong><em>22</em></strong></span> <span class='ocrx_word' id='word_1_421' title='bbox 1127 4594 1181 4665; x_wconf 87' lang='grc' dir='ltr'><strong><em>διὰ]</em></strong></span> <span class='ocrx_word' id='word_1_422' title='bbox 1200 4613 1242 4660; x_wconf 91' lang='grc' dir='ltr'><strong><em>τις</em></strong></span> <span class='ocrx_word' id='word_1_423' title='bbox 1260 4611 1304 4648; x_wconf 72' lang='grc' dir='ltr'><strong><em>ου.</em></strong></span> 
     </span>
    </p>
   </div>
   <div class='ocr_carea' id='block_1_9' title="bbox 0 0 1849 5556">
    <p class='ocr_par' dir='ltr' id='par_1_9' title="bbox 0 0 1849 5556">
     <span class='ocr_line' id='line_1_41' title="bbox 0 0 1849 5556; baseline 0 0"><span class='ocrx_word' id='word_1_424' title='bbox 0 0 1849 5556; x_wconf 95' lang='lat' dir='ltr'><strong><em> </em></strong></span> 
     </span>
    </p>
   </div>
  </div>
 </body>
</html>
