3694 5542
650 483 771 539 Homilie
787 471 887 538 XVIII.
922 483 1021 538 Jerem.
1039 481 1189 552 18,1-16.
1511 490 1566 552 151

268 652 330 718 τοῦ
357 641 562 737 ἀστρακίνου
586 653 696 732 βίκου,
718 637 759 717 οὗ
781 652 1014 734 καταχθέντος
1036 641 1098 718 οάκ
1124 647 1194 717 ἔστι
1218 653 1391 734 θεραπεία
1427 637 1485 716 ότε
1508 647 1570 734 μέν

181 765 250 822 λθστ
266 745 329 836 γάρ
350 743 499 836 πήλινον
513 739 564 837 ήν,
588 752 616 820 εί
630 744 820 836 κατείάχθη,
842 742 907 816 κάν
922 743 985 836 ήδη
1000 751 1269 835 μεμορφωμένον
1282 738 1314 834 ή,
1336 749 1409 817 ἐπεὶ
1422 742 1570 834 πήλινον

267 837 323 934 ήν,
350 851 520 935 ἐνεδέχετο
546 844 652 920 πάλιν
675 849 760 919 είναι
781 843 918 935 φύραμα
940 843 1099 932 δεύτερον
1119 851 1176 916 καὶ
1197 850 1378 934 κτισθῆναι
1399 843 1570 931 δεύτερον·

268 939 327 1017 ότε
348 951 384 1018 δέ
405 945 489 1036 μετά
512 943 554 1017 τό
575 942 722 1036 πήλινον
742 951 882 1036 γέγονεν
902 940 967 1035 ήδη
989 939 1194 1033 όστράκινον
1213 950 1269 1014 καί
1290 941 1357 1016 ἀπὸ
1380 950 1443 1015 τοῦ
1462 941 1570 1034 πυρός

232 1061 249 1114 5
267 1041 468 1135 ἐστόμωται,
491 1041 572 1116 τότε
593 1041 653 1133 οάχ
675 1041 751 1117 οίόν
772 1047 843 1134 <τε>
858 1035 902 1134 ήν
915 1043 1000 1132 μετά
1015 1043 1080 1134 τήν
1094 1043 1276 1134 συντριβήν
1291 1049 1354 1116 τοῦ
1369 1039 1571 1135 όστρακίνου

268 1153 454 1235 θεραπείαν
475 1149 630 1235 γενέσθαι
652 1141 755 1234 αὐτῷ.
791 1152 826 1216 τί
848 1135 910 1216 οὖν
931 1142 1088 1227 βούλεται
1102 1149 1220 1228 ταῦτα,
1242 1140 1414 1235 πρότερον
1428 1148 1466 1215 έν
1479 1171 1571 1233 περι-

269 1250 344 1338 νοίᾳ
372 1242 653 1336 κατανοήσωμεν,
685 1244 757 1315 είτα
786 1242 847 1316 ἐάν
876 1247 965 1332 δοθῆ
990 1243 1078 1315 κατά
1105 1249 1195 1329 λέξιν
1221 1241 1437 1330 ἐξετάσωμεν.
1489 1237 1571 1314 ὅσον

267 1347 364 1433 έσμέν
390 1349 427 1416 έν
454 1353 506 1436 τῷ
533 1353 594 1435 βίῳ
625 1343 755 1434 τούτῳ,
786 1341 1024 1434 μορφοόμεθα,
1054 1339 1096 1414 ἵν’
1125 1337 1237 1426 οὕτως
1263 1337 1420 1434 ὀνομάσω
1447 1341 1570 1414 διὰτὸ

266 1441 415 1534 πήλινον
429 1441 527 1534 ήμῶν
542 1451 668 1528 σκεῦος,
686 1449 935 1534 κεραμευτικῶς
949 1449 1005 1515 καί
1019 1443 1244 1533 μορφούμεθα
1258 1438 1336 1532 ήτοι
1348 1442 1436 1513 κατά
1451 1451 1572 1514 κακίαν

216 1539 288 1632 1οή
310 1543 399 1616 κατά
426 1539 558 1635 ἀρετήν.
608 1543 699 1634 πλὴν
726 1539 838 1626 οὕτως
863 1542 1087 1633 μορφοόμεθα
1114 1541 1162 1627 ὦς
1188 1547 1399 1631 ἐπιδέχεσθαι
1424 1547 1480 1612 καὶ
1507 1540 1571 1631 τήν

266 1652 388 1716 κακίαν
408 1639 508 1734 ήμῶν
530 1649 756 1733 συντριβῆναι,
779 1647 833 1716 ίνα
848 1649 986 1734 γένηται
1000 1642 1120 1715 καινόν
1133 1650 1256 1733 κτίσμα
1269 1647 1413 1729 βέλτιον,
1436 1647 1491 1712 καί
1507 1640 1571 1731 τήν

267 1743 448 1834 προκοπήν
478 1739 575 1833 ήμῶν
605 1740 820 1833 ἀναλυθῆναι
844 1743 929 1832 μετά
955 1743 1020 1834 τήν
1045 1741 1221 1833 μόρφωσιν
1251 1739 1356 1830 αάτῆς
1384 1747 1430 1824 είς
1455 1747 1572 1824 σκεῦος

266 1840 423 1933 πήλινον.
460 1842 603 1943 ἐπάνιδὲ
622 1842 708 1932 μετὰ
729 1841 792 1914 τόν
814 1846 985 1915 ἐνεστῶτα
1008 1849 1117 1915 αἰῶνα
1138 1839 1283 1932 ἥκωμεν,
1305 1840 1392 1931 πρὸς
1413 1849 1465 1932 τῷ
1484 1846 1573 1912 τέλει

267 1940 441 2032 γενόμενοι
467 1949 528 2032 τῆς
556 1947 657 2030 ζωῆς,
688 1944 804 2014 ἔπειτα
833 1948 1055 2033 καρωθέντες
1082 1940 1160 2032 ήτοι
1185 1939 1252 2015 ἀπὸ
1280 1949 1342 2014 τοῦ
1368 1940 1475 2031 πυρὸς
1499 1948 1574 2012 τῶν

216 2061 249 2116 15
266 2049 524 2131 πεπυρωμένων
546 2049 610 2114 τοῦ
630 2049 785 2133 πονηροῦ
806 2049 917 2127 βελῶν
938 2041 1115 2130 γενοόμεθα
1135 2037 1357 2131 ότιπ<οτ>οὕν
1373 2035 1573 2130 γινόμεθαή

266 2137 333 2213 ἀπὸ
365 2148 429 2213 τοῦ
459 2150 557 2214 θείου
583 2138 691 2232 πυρός
717 2146 802 2230 (ἐπεὶ
826 2149 883 2214 καί
912 2136 950 2213 »δ
976 2140 1058 2224 θεὸς
1085 2137 1181 2230 ήμῶν
1206 2149 1274 2233 πῦρ
1300 2147 1569 2213 καταναλίσκονι

267 2243 381 2330 ἐστίν),
405 2240 465 2312 έάν
490 2238 668 2329 γενοίμεθά
696 2269 780 2330 φημι
801 2237 868 2312 ἀπὸ
892 2247 1027 2314 τοιοῦδε
1048 2237 1223 2330 ῆτυιοῦδε
1244 2238 1351 2330 πυρός
1372 2235 1507 2312 ότιποτ’
1531 2235 1573 2310 άν

267 2340 460 2431 γενώμεθα,
496 2339 556 2412 έάν
586 2348 830 2430 συντριβῶμεν,
862 2345 929 2412 είτε
959 2337 1027 2412 ἀπὸ
1059 2348 1122 2412 τοῦ
1152 2339 1240 2412 καλά
1270 2337 1376 2428 σκεύη
1400 2345 1573 2430 γεγονέναι

268 2447 507 2530 συνετρίβημεν
527 2447 584 2511 καί
605 2436 832 2530 ἀπολώλαμεν
855 2445 922 2511 είτε
943 2437 1011 2512 ἀπὸ
1026 2448 1090 2514 τοῦ
1104 2439 1258 2530 μοχθηρὰ
1274 2437 1373 2529 σκεόη
1389 2445 1572 2528 γεγονέναι,

216 2557 250 2613 20
268 2537 331 2612 οὐκ
353 2535 603 2626 ἀνακτιςόμεθα
625 2536 703 2611 οὐδὲ
721 2545 911 2629 ἐπιδέχεται
933 2536 1066 2631 ῆμοόνή
1086 2538 1275 2628 κατασκευή
1295 2546 1483 2627 βελτίωσιν.
1519 2537 1573 2609 διά

267 2646 375 2712 τοῦτο
402 2633 484 2711 όσον
510 2643 608 2729 ἐσμὲν
634 2636 755 2712 ἐνθάδε
782 2643 889 2711 οίονεὶ
914 2643 951 2710 έν
974 2646 1058 2728 χειρί
1085 2647 1149 2712 τοῦ
1174 2644 1344 2729 κεραμέως
1371 2631 1482 2723 ὄντες,
1509 2635 1574 2708 κάν

183 2753 249 2810 2961
269 2745 409 2827 διαπέσῃ
431 2737 472 2810 τὸ
494 2745 611 2823 σκεῦος
633 2735 702 2810 ἀπὸ
723 2745 798 2810 τῶν
811 2745 934 2827 χειρῶν
951 2735 1064 2824 αάτοῦ,
1087 2743 1274 2827 ἐπιδέχεται
1292 2747 1296 2823 Ι
1317 2742 1504 2832 θεραπείαν
1517 2743 1573 2807 καὶ

269 2837 310 2911 τό
337 2835 592 2928 ἀνακτισθῆναι.
631 2845 738 2910 ταῦτα
767 2844 828 2925 μὲν
851 2843 862 2928 ΙΙ
887 2833 993 2928 ὀλίγῳ
1014 2835 1288 2927 προχειρότερον,
1310 2843 1392 2926 πρὶν
1415 2835 1456 2909 τὸ
1486 2835 1573 2908 κατά
1590 2848 1641 2906 242

269 2937 310 3010 τό
334 2948 453 3010 λεῖπον
476 2935 683 3028 ἐξετάσωμεν
705 2944 757 3026 τῷ
779 2934 881 3028 λόγῳ,
905 2943 951 3021 είς
972 2936 1015 3008 τά
1038 2937 1098 3010 δύο
1123 2941 1191 3026 είδη
1211 2944 1286 3009 τῶν
1302 2933 1456 3027 ἀγγείων,
1479 2932 1574 3007 τότε

217 3057 250 3113 25
268 3034 481 3128 πήλινονκαὶ
497 3033 633 3109 οάδέπω
649 3033 972 3128 άπωστρακισμένον
983 3037 1089 3110 καὶτὸ
1105 3037 1265 3127 δεύτερον
1276 3036 1317 3108 τό
1328 3032 1390 3125 ήδη
1406 3029 1574 3124 ὄστρακον

269 3142 489 3226 γεγενημένον
511 3142 672 3226 λελέχθω.

351 3245 379 3307 2.
397 3230 533 3326 ’Ίδωμεν
556 3242 591 3308 δὲ
612 3232 669 3309 ἀπ’
689 3233 793 3327 αὐτῆς
808 3242 870 3326 τῆς
884 3243 1008 3322 λέξεως
1023 3234 1066 3308 τά
1082 3232 1244 3325 λεγόμενα
1258 3243 1335 3325 περὶ
1350 3242 1414 3308 τοῦ
1428 3241 1575 3324 πηλίνου

269 3329 402 3423 ἀγγείου
416 3342 479 3407 τοῦ
494 3339 531 3405 έν
546 3342 589 3424 τῇ
603 3341 687 3427 χειρί
701 3341 763 3407 τοῦ
778 3341 958 3426 κεραμέως,
977 3343 1032 3406 καὶ
1047 3342 1123 3418 πῶς
1138 3332 1241 3418 αάτὸς
1256 3329 1275 3406 ό
1291 3339 1328 3406 έν
1344 3343 1396 3426 τῷ
1410 3331 1573 3424 προφήτῃ

213 3443 216 3448 '
268 3431 384 3522 λόγος,
412 3429 431 3504 ό
452 3432 568 3525 κύριος
590 3431 609 3506 ὁ
630 3432 860 3526 προφητεύων
881 3439 918 3506 ἐν
940 3431 1050 3525 αὐτῷ,
1078 3431 1234 3524 ἀφορμάς
1257 3439 1371 3506 δίδωσι
1392 3443 1447 3506 καὶ
1469 3433 1574 3517 άλλας

217 3553 251 3608 30
269 3531 311 3606 οδ
338 3541 490 3622 βραχείας
517 3539 579 3623 τῆς
600 3535 773 3623 ἑρμηνείας
796 3542 870 3606 τῶν
890 3533 978 3605 κατὰ
1000 3532 1041 3605 τό
1062 3531 1198 3623 πλάσμα
1220 3532 1261 3605 τό
1283 3537 1320 3606 έν
1342 3543 1385 3624 τῆ
1406 3541 1489 3624 χειρὶ
1512 3539 1574 3606 τοῦ

268 3639 446 3722 κεραμέως.
490 3628 527 3704 »ό
550 3629 651 3722 λόγος
674 3629 692 3704 ό
714 3631 894 3723 γενόμενος
915 3631 1001 3724 πρὸς
1022 3629 1176 3722 Ἱερεμίαν
1198 3633 1290 3723 παρὰ
1312 3643 1432 3723 κυρίου
1453 3639 1574 3720 λέγων·

270 3729 440 3821 ἀνάστηθι
464 3740 520 3803 καὶ
544 3729 714 3821 κατάβηθι
740 3737 786 3816 είς
813 3733 910 3805 οίκον
935 3739 1000 3805 τοῦ
1024 3738 1222 3822 κεραμέωςι.
1270 3733 1344 3805 ἀνω
1366 3737 1459 3804 ἐστὶν
1481 3727 1501 3804 ό
1521 3728 1573 3805 Ἱε-

269 3839 393 3922 ρεμίας,
414 3827 682 3921 δπεραναβέβηκε
704 3831 746 3903 τὰ
768 3830 894 3923 πήλινα
917 3832 1025 3922 σκεύη.
1060 3830 1155 3906 κάτω
1178 3838 1249 3905 ἐστὶ
1264 3834 1306 3905 τά
1321 3830 1448 3923 πήλινα
1464 3831 1573 3921 σκεόη,

357 4003 412 4058 W.
432 4001 493 4072 vgl.
511 4001 537 4056 11
555 4001 640 4057 Olem.
658 4001 694 4056 ad
713 4003 772 4059 Cor.
790 4005 814 4070 8,
834 4005 907 4058 1-3.
925 4033 958 4042 -
977 4003 1017 4060 14
1034 4001 1098 4072 ng
1115 4001 1321 4074 Eph.6,16.-
1340 4003 1375 4060 Ῑδ
1392 4002 1475 4056 Ηείιι.
1488 4003 1528 4068 12,
1541 4003 1574 4058 29

269 4087 348 4144 Dent.
365 4091 390 4154 4,
409 4089 450 4142 24.
469 4115 500 4126 -·
518 4085 594 4144 2012.
615 4085 677 4156 vgl.
696 4087 833 4158 chrysos&
853 4088 907 4156 (Gh
925 4088 959 4156 ΙΙ,
976 4087 1047 4156 466).
1065 4117 1098 4126 -
1116 4087 1180 4144 221.
1200 4087 1263 4156 vgl.
1280 4087 1362 4142 Bam.
1381 4088 1421 4154 16,
1439 4089 1463 4142 9.

354 4238 371 4295 1
391 4235 585 4307 καταχθέντας
604 4237 682 4293 mass
699 4236 910 4308 καταχυθέντας
930 4237 948 4290 S
963 4237 967 4303 Ι
984 4237 1002 4294 ό
1020 4255 1052 4293 τε
1070 4237 1188 4304 (111112
1207 4234 1247 4302 εἰς
1263 4243 1347 4302 κεῦος
1364 4235 1398 4290 S*
1417 4233 1458 4301 είς
1475 4242 1575 4300 σκεῦος

268 4323 299 4378 8¹
318 4325 323 4391 Ι
342 4323 380 4379 15
406 4319 561 4392 γενώμεθα
581 4319 732 4378 ότιποτοῦν
749 4322 891 4392 γινόμεθα
909 4323 982 4377 nach
998 4322 1073 4377 Diels
1091 4322 1246 4378 Koetsohau
1264 4319 1398 4392 γενέσθαι
1416 4315 1460 4375 ότι
1482 4313 1512 4374 π’
1524 4311 1575 4375 οὖν

269 4407 410 4478 γινόμεθα
428 4405 523 4475 2117
541 4403 596 4463 ὑπὸ
615 4407 641 4462 V
658 4403 716 4464 ἀπὸ
735 4407 828 4470 8120
845 4403 1058 4476 ἀνακτιζόμεθα
1077 4405 1143 4460 GGh
1160 4405 1226 4476 χερί.
1244 4405 1271 4462 Z.
1288 4405 1332 4475 23)
1351 4402 1575 4474 ἀναγκαζόμεθα

269 4493 286 4547 S
302 4491 361 4561 128
381 4489 467 4566 ὀλίγῳ
485 4492 564 4547 Βίεεε
583 4489 599 4547 ό
616 4491 704 4562 λόγος
720 4489 737 4544 S
753 4493 757 4558 Ι
776 4489 866 4556 28124
883 4491 1102 4563 πρίν-λεῖπον]
1122 4488 1265 4544 vielleicht
1281 4491 1349 4561 πρίν
1365 4487 1439 4545 κατὰ
1455 4488 1529 4555 λέξιν
1540 4487 1574 4544 τό

269 4575 371 4634 λοιπόν
390 4575 447 4648 vgl.
465 4576 492 4632 Z.
510 4579 534 4631 7.
552 4577 606 4632 272
623 4576 695 4630 nach
713 4575 870 4630 Koetschau
891 4579 895 4640 Ι
915 4575 955 4631 24
972 4575 1005 4632 τό
1024 4593 1055 4631 τε
1072 4593 1106 4628 w.
1119 4591 1142 4629 e.
1155 4573 1210 4628 sch.
1230 4573 1300 4628 auch
1319 4575 1336 4628 8
1354 4571 1420 4628 τότε
1440 4575 1542 4644 Ausgg.
1571 4571 1575 4638 1

270 4661 310 4718 22
329 4657 426 4730 άλλας]
445 4659 586 4716 εἰεΙΙείυίιί
603 4657 713 4732 λαβὰς2
