3768 5544
316 458 355 520 76
756 447 896 520 Οτίρεαοδ
914 444 1174 502 ίοιεωὶαίιοωὶἱίοιι.

315 609 378 686 οῦκ
399 613 510 701 έχουσι
530 619 566 685 δέ
588 611 651 685 τὸν
671 607 811 702 Ἰησοῦν·
842 606 883 682 σύ
903 609 967 700 γὰρ
989 603 1214 698 ὁμολογοῦσιν
1237 605 1343 682 αὐτὸν
1364 605 1412 692 ιῦς
1432 605 1505 700 χρή.
1550 615 1623 680 »καὶ

315 711 365 798 σύ,
391 711 493 802 κύριε,
519 712 695 801 γινώσκεις
716 738 765 796 με,
793 712 877 792 είδές
896 737 946 800 με,
973 715 1171 799 ἐδοκίμασας
1192 709 1258 797 τήν
1278 714 1420 797 καρδίαν
1441 737 1507 798 μου
1527 712 1624 780 ἐναν-

315 819 392 885 τίον
418 835 492 883 σου·
524 805 664 899 άγνισσν
690 807 813 894 αύτούς
840 815 886 892 είς
913 806 1039 898 ἡμέραν
1066 813 1196 898 σφαγῆς
1223 803 1370 879 αύτῶνι.
1419 814 1453 879 τί
1478 805 1623 898 ποιήσω,

315 913 371 984 ΐνα
386 915 397 1002 ΙΙ
414 917 522 982 ταῦτα
544 915 732 1000 σαφηνίσω;
754 909 815 994 τάς
836 906 992 992 κολάσεις
1007 904 1169 998 ἁγνισμὸν
1183 913 1271 997 λέγει
1286 914 1360 980 τῶν
1374 913 1624 996 κολαζομένων·
1645 925 1695 983 186

282 1005 492 1100 διάγνισσνι
517 1008 579 1099 γάρ
604 1007 746 1094 »αὐτοὺς
768 1015 814 1093 είς
836 1006 978 1099 ήμέρανι
1004 1015 1108 1096 φησὶν
1132 1013 1281 1098 »σφαγῆς
1294 1005 1441 1079 αῦτιῦνι.
1484 1005 1539 1077 διὰ
1560 1013 1625 1079 τοῦ

316 1117 485 1201 σφαγῆναι
514 1107 638 1194 αῦτοῦς
664 1103 802 1198 ἅγνισον
829 1105 969 1190 αύτούς·
1004 1101 1063 1178 νῦν
1088 1105 1151 1197 γάρ
1181 1104 1294 1200 ἀγαπᾷ
1321 1105 1437 1193 κύριος
1463 1104 1623 1190 παιδεύει,

316 1229 473 1301 μαστιγοῖ
492 1215 527 1282 δὲ
548 1207 663 1282 πάντα
684 1207 759 1280 υίδν
782 1202 824 1280 ὃν
843 1213 1096 1296 παραδέχεταιι.

399 1323 426 1382 6.
452 1304 554 1390 »Ἕως
579 1305 664 1380 πότε
689 1305 851 1398 πενθῆσαι
878 1303 899 1397 ἡ
922 1313 963 1397 γῆ
983 1317 1039 1380 καί
1061 1303 1081 1380 δ
1102 1305 1225 1432 χόρτος
1248 1313 1310 1378 τοῦ
1332 1303 1437 1395 άγρσῦ
1458 1302 1626 1428 ξηρανθή·

318 1432 411 1482 σεται
432 1406 502 1482 άπὸ
522 1417 641 1492 κακίας
658 1415 733 1480 τιῦν
753 1406 1015 1481 κατοικούντων
1036 1412 1075 1480 έν
1095 1405 1217 1497 αῦτῆι;
1240 1403 1439 1494 ιύσπερεὶέμ
1439 1404 1551 1493 ψῦχον
1565 1411 1626 1495 τῆς

266 1525 300 1580 10
317 1515 377 1632 γῆς
398 1514 454 1580 καὶ
476 1512 628 1579 ἐνταῦθα
650 1502 877 1597 διαλέγεται
859 1537 878 1579 ο
899 1506 1080 1600 προφήτης
1103 1513 1213 1598 λέγων
1235 1505 1300 1598 τῆν
1322 1511 1386 1596 γῆν
1406 1515 1549 1577 πενθεῖν
1571 1503 1626 1576 διὰ

317 1609 383 1699 τήν
407 1616 528 1678 κακίαν
555 1615 629 1679 τῶν
655 1603 905 1692 ἐπιβαινόντων
931 1604 983 1679 ἐπ’
1005 1605 1123 1698 αῦτήν.
1165 1603 1244 1679 καθ
1269 1607 1414 1679 ἕκαστον
1440 1597 1503 1678 οὖν
1530 1601 1628 1696 ῆμῶν

316 1705 337 1799 ή
360 1715 401 1798 γῆ
423 1703 502 1796 ἢτοι
520 1716 644 1778 πενθεῖ
662 1735 682 1795 η
703 1701 977 1830 ευφριιίνεται·“
955 1735 975 1796 η
997 1707 1061 1830 γάρ
1081 1718 1203 1779 πενθεῖ
1221 1701 1308 1779 »άπο
1293 1706 1439 1788 κακίας
1453 1711 1528 1777 τῶν
1543 1708 1628 1777 ἐνοι-
1709 1717 1714 1726 ’

317 1807 476 1880 κούντων
502 1811 540 1878 ἐν
566 1802 669 1894 αῦτῆι
699 1801 721 1893 ἢ
748 1801 1006 1896 εῦφραίνεται’
986 1805 1055 1880 απὸ
1076 1803 1199 1927 ήρετῆς
1223 1813 1314 1877 »τῶν
1337 1803 1569 1877 ἐνοικούντων
1590 1808 1627 1876 ί

318 1904 434 1996 αῦτῇι
480 1901 532 1994 ἐφ’
556 1903 700 1977 ἑκάστου
726 1897 788 1976 σῦν
815 1901 912 1996 ήμῶν
940 1902 1025 2028 αήτὸ
1052 1904 1095 1977 τὸ
1121 1901 1336 1995 στοιχεῖονῆ
1362 1897 1627 1992 εῦφραίνεται“
1604 1931 1625 1991 η

267 2022 300 2075 15
316 2016 447 2080 πενθεῖ.
491 2011 520 2078 εἰ
546 2001 629 2076 δὲ’
609 2034 630 2094 η
656 2011 714 2125 γῆ,
745 2001 832 2093 τάχα
857 2011 912 2075 καί
939 2004 982 2077 τά
1008 2005 1111 2076 λοιπά
1138 2023 1293 2094 στοιχεῖα
1337 1999 1462 2091 ὁμοίως
1483 2007 1550 2090 ἐρῶ
1572 2009 1627 2074 καὶ

316 2101 410 2195 ῦδωρ
430 2102 528 2178 καλ“
508 2136 527 2178 o
548 2110 603 2176 ἐπὶ
624 2134 688 2177 τον
673 2097 835 2188 ῦδατος
855 2113 1060 2194 τεταγμένος
1081 2103 1235 2194 ἄγγελος,
1265 2107 1321 2176 ίνα
1343 2101 1552 2194 διηγήσωμαι
1572 2109 1628 2172 καὶ

319 2206 384 2298 τήν
405 2211 468 2295 γῆν
489 2211 687 2277 πενθοῦσαν
708 2199 731 2293 ἢ
752 2204 796 2294 μή
818 2211 1029 2278 πενθοῦσαν·
1052 2200 1093 2276 οῦ
1110 2202 1174 2291 γὰρ
1190 2209 1295 2277 τοῦτο
1311 2200 1353 2274 τὸ
1370 2211 1475 2291 σιῦμα,
1501 2198 1540 2292 »ἦ
1555 2207 1627 2292 γῆν,

318 2315 442 2378 πενθεῖ
469 2301 555 2376 »άπὸ
581 2311 657 2376 τιῦν
682 2303 945 2377 κατοικούντων
973 2307 1011 2376 ἐν
1037 2299 1159 2391 αῦτῆι,
1190 2299 1275 2376 ἀλλὰ
1304 2299 1373 2375 νάει
1399 2330 1457 2392 μοι
1477 2301 1564 2389 πρὸς
1586 2309 1628 2391 τῇ

319 2401 467 2491 διατάξει
489 2408 553 2475 τοῦ
571 2403 704 2486 παντὸς
726 2411 935 2493 τεταγμένον
956 2402 1033 2476 τινὰ
1056 2401 1200 2493 ἄγγελον
1221 2407 1277 2474 ἐπὶ
1298 2407 1360 2491 τῆς
1375 2407 1435 2491 γῆς
1449 2407 1504 2473 καλ
1520 2400 1628 2472 ἄλλον

267 2519 302 2576 20
320 2509 528 2594 τεταγμένον
554 2508 609 2574 ἐπὶ
636 2509 711 2573 τῶν
732 2499 871 2575 ῦδάτων
891 2510 947 2574 καί
970 2503 1078 2575 ἄλλον
1099 2507 1156 2574 ἐπί
1177 2509 1241 2574 τοῦ
1262 2499 1361 2592 δέρος
1382 2510 1438 2572 καὶ
1460 2507 1628 2590 τέταρτον

319 2609 375 2677 ἐπί
400 2611 465 2676 τοῦ
485 2599 603 2691 πυρός.
646 2598 758 2685 οῦτως
780 2598 887 2687 άνάβα
908 2629 965 2693 μοι
986 2610 1038 2693 τῷ
1061 2598 1153 2694 λόγῳ
1175 2607 1230 2674 ἐπὶ
1253 2601 1319 2692 τήν
1341 2599 1495 2688 διάταξιν
1515 2607 1627 2673 πᾶσαν

319 2703 444 2795 τήνέν
466 2702 575 2790 ζωοις,
597 2700 663 2791 τήν
683 2706 721 2773 ἐν
743 2721 873 2789 φυτοῖς,
896 2702 962 2793 τήν
977 2707 1104 2784 ἐντοῖς
1119 2697 1451 2790 ούρανίσιςᾶστροις.
1488 2696 1628 2791 ἄγγελός

319 2833 371 2889 τις
392 2809 553 2874 τέτακται
573 2808 630 2873 καὶ
652 2803 707 2872 ἐπὶ
721 2829 786 2873 του
771 2797 899 2892 ήλίσυ
914 2810 967 2873 καί
984 2805 1096 2873 ἐπὶ
1054 2831 1115 2892 της
1128 2799 1268 2925 σελήνης
1283 2800 1396 2886 ἄλλος,
1420 2800 1557 2891 (ἄλλος)
1572 2808 1629 2872 καὶ

235 2909 374 2980 τῡοτέπὶ
395 2909 470 2974 τῶν
492 2901 642 2988 ἄστρων·
661 2891 782 2982 Ιοῦτοι
805 2899 845 2990 δὴ
869 2906 901 2974 σί
923 2900 1068 2993 ἄγγελοι,
1090 2897 1166 2988 μεθ’
1184 2893 1235 2972 ιῦν
1249 2895 1382 2990 ἐσμεν”
1363 2924 1447 2974 οσον
1462 2905 1559 2991 ἐσμέν
1573 2905 1628 2972 ἐπὶ

268 3018 316 3075 25
313 3008 393 3092 γῆς,
420 2997 501 3090 ήτοι
523 2997 763 3088 εὐφραίνονται
784 2999 860 3088 <ἐάν
882 2995 1246 3124 δικαιοπραγοῦμενῃ)
1224 3027 1244 3123 η
1265 3004 1497 3074 πενθοῦσινέ
1499 2995 1536 3088 φ’
1551 2997 1629 3090 ἡμῖν

320 3097 406 3174 ὅταν
434 3097 689 3188 άμαρτάνωμεν.
736 3109 871 3185 πενθεῖ,
903 3098 1067 3191 φησίν,“
1048 3130 1068 3190 η
1098 3109 1140 3191 γῆ
1168 3096 1237 3172 άπὸ
1268 3107 1341 3172 τῶν
1369 3099 1629 3173 κατοικούντων

319 3207 356 3274 ἐν
381 3197 476 3289 αῦτῆ.
526 3193 716 3289 ὁμωνύμως
747 3200 839 3270 είπεν
871 3199 935 3272 τὸν
962 3199 1108 3291 ἄγγελον
1139 3207 1203 3290 γῆν
1228 3197 1314 3290 αύτῆ
1346 3208 1389 3290 τῆ
1417 3207 1466 3289 γῆ.
1515 3195 1629 3286 ὥσπερ

319 3299 383 3389 γὰρ
408 3299 466 3371 »τὸ
488 3305 729 3388 χειροποίητον
751 3296 1004 3388 ἐπικατάρατον
1024 3295 1110 3372 αύτὸ
1133 3305 1188 3370 καὶ
1212 3295 1230 3372 δ
1252 3298 1395 3391 ποιήσας
1418 3295 1538 3384 αύτδι,
1570 3293 1630 3386 σύχ

405 3469 524 3526 θΗοῦτ.
543 3471 582 3532 12,
600 3471 624 3526 6.
647 3500 681 3511 -
703 3469 762 3528 M.
780 3466 844 3540 vgl.
868 3469 902 3526 de
923 3471 1008 3542 prino.
1034 3473 1119 3542 praes.
1142 3471 1191 3540 (Lo
1209 3471 1254 3536 21,
1273 3471 1328 3540 261
1352 3471 1393 3527 Do
1415 3471 1473 3526 sole
1491 3471 1583 3526 autem
1601 3471 1630 3524 et

321 3555 389 3609 luna
409 3558 439 3610 ot
459 3553 559 3622 stellis,
581 3556 674 3608 utrum
696 3553 849 3610 animantia
865 3555 933 3624 sint,
957 3556 1068 3612 ansino
1086 3556 1194 3622 anima,
1218 3556 1363 3611 manifeste
1380 3573 1436 3611 non
1453 3554 1578 3610 oroditur.
1596 3585 1629 3594 -

325 3639 363 3694 28
379 3637 483 3694 Weish
502 3637 557 3693 Sal.
575 3639 616 3706 12,
632 3639 657 3694 8.

406 3793 422 3847 1
442 3787 483 3856 ὼς
503 3792 567 3865 χρή]
590 3809 621 3848 εο
644 3792 714 3847 auch
732 3791 840 3862 Fragm.
858 3787 889 3858 ἐξ
906 3789 986 3848 ἀνεπ.
1003 3797 1035 3846 ut
1056 3791 1198 3846 Οίινίείνω
1216 3791 1242 3846 H
1261 3794 1265 3860 Ι
1285 3791 1304 3846 2
1322 3809 1367 3860 με,
1385 3785 1457 3858 εἶδες
1473 3791 1520 3861 με]
1537 3795 1562 3845 εί
1578 3791 1605 3846 H
1625 3792 1628 3860 ί

323 3875 395 3934 5-7
411 3875 511 3931 Hiorzu
529 3877 635 3948 Frngm
654 3879 687 3934 36
704 3876 733 3930 in
745 3877 778 3932 G:
797 3871 1009 3933 Δι’-παιδεύει
1023 3877 1060 3942 18
1078 3873 1094 3932 δ
1112 3875 1225 3948 χόρτος]
1243 3877 1339 3945 smum
1356 3875 1471 3930 σκιιιοΗ
1488 3875 1545 3952 ygl.
1557 3875 1631 3930 Lxx

321 3959 384 4014 Luc„
403 3969 407 4020 Ι
429 3960 448 4016 θ
467 3959 547 4032 αὐτῇ]
565 3966 639 4016 terro
656 3961 682 4016 H
702 3963 707 4031 Ι
726 3961 820 4021 2-27
839 3961 940 4017 Hieron
956 3961 1063 4031 Fragm.
1081 3964 1114 4018 37
1131 3961 1161 4015 in
1179 3961 1212 4016 C:
1235 3955 1415 4032 Εί-άρετῆς
1438 3963 1442 4030 Ι
1468 3960 1506 4018 15
1525 3957 1633 4031 δμοίως

321 4040 388 4118 ἐρῶ]
405 4061 437 4098 ωε
454 4046 553 4113 quibus
569 4046 603 4112 Η,
622 4047 693 4102 doeh
710 4047 766 4116 vgl.
785 4046 811 4102 S.
824 4048 865 4112 77,
878 4049 894 4102 3
909 4047 914 4114 1
930 4045 969 4100 22
986 4047 1037 4114 τῆν
1054 4041 1085 4102 ἐν
1101 4045 1170 4115 τοῖς]
1189 4045 1226 4100 οδ
1242 4047 1306 4116 ipsa
1323 4063 1427 4114 quoquo
1439 4043 1472 4112 H,
1491 4043 1633 4100 vielloioht

320 4128 423 4199 riohtig
446 4131 450 4198 Ι
475 4127 618 4203 οὐρανίοις
648 4125 763 4203 άστροις
789 4131 862 4185 noch
878 4129 916 4185 H:
942 4134 1019 4184 astra
1045 4130 1170 4184 σοιίοιίέα
1192 4119 1287 4196 ooo-otc
1313 4124 1429 4202 ἄστροις
1450 4129 1468 4184 S
1491 4130 1496 4198 Ι
1520 4127 1633 4185 22-24

322 4207 609 4288 ἄγγελός-ἄστρων]
627 4217 710 4270 Αίίαε
727 4215 840 4284 ααητίκι
854 4214 1030 4283 μναομοοίίιιι
1047 4220 1086 4268 ιεί
1103 4214 1228 4271 εῖοίίίεΗ
1243 4215 1300 4284 125
1319 4211 1370 4270 ἐὰν
1382 4217 1631 4287 δνιαιοπραγῶμεν

322 4297 394 4352 οεοῦ
410 4295 447 4352 H:
470 4301 578 4366 quoodo
593 4301 669 4368 γάείο
691 4302 801 4370 αφίικιιι
823 4299 878 4372 ng
900 4299 926 4355 S.
944 4299 989 4363 72,
1005 4301 1022 4356 8
1041 4300 1046 4366 Ι
1066 4299 1105 4356 2θ
1124 4303 1236 4367 πενθεῖ,
1255 4299 1349 4370 φησίν]
1367 4297 1519 4366 ΙαιφεθίίΗ
1538 4299 1542 4364 Ι
1562 4294 1630 4367 ἀπὸ]

322 4387 355 4445 ÷
367 4383 494 4437 σωικίδιιο
506 4383 532 4438 Η
546 4387 551 4455 Ι
566 4385 604 4441 27
613 4387 675 4440 -S.
686 4389 726 4454 77,
742 4387 758 4441 3
770 4378 1041 4459 ὥσπερ-ὀνόματι]
1059 4383 1195 4450 Quomodo
1211 4385 1286 4439 enim
1297 4383 1346 4438 ίιοο
1358 4385 1429 4453 quod
1438 4381 1632 4450 monusooeum

320 4470 360 4519 εοῖ
379 4467 599 4524 maledicitur
619 4475 648 4524 τί
670 4473 782 4538 ipsum
799 4475 828 4524 ιί
845 4470 896 4539 ραι·
911 4468 975 4537 sooit
991 4469 1064 4522 illud
1080 4509 1087 4524 .
1101 4511 1108 4524 .
1122 4509 1148 4524 ..
1165 4467 1213 4523 εεδ
1228 4467 1264 4522 id
1279 4468 1383 4522 διὀίῖιιν
1400 4466 1632 4534 manufactum

321 4551 406 4619 quod
420 4555 549 4610 σειίδεί
565 4555 728 4610 ι’κεωιείθίίι·
744 4553 902 4620 ιίωκίαονσ,
920 4553 1009 4608 eodem
1025 4557 1164 4610 σοοαίιιιπ
1181 4554 1300 4620 nomo'no,
1318 4570 1371 4623 quo
1387 4555 1499 4607 οοιαίιιτ
1514 4551 1546 4604 id
1562 4549 1634 4620 quod

320 4636 512 4704 momsaotum
529 4643 569 4694 σοί
585 4639 620 4694 Η.
