3768 5544
296 406 354 470 118
740 403 878 475 On'genes’
895 403 1154 460 Jeremiahomilien.

294 558 419 646 όλαός
440 568 567 649 ἐκεῖνος
588 571 627 638 ἐν
648 585 722 650 τοῖς
748 571 893 658 ἐχθροῖς,
920 573 977 640 καὶ
1002 572 1141 657 γέγονεν
1171 571 1209 639 ἐν
1239 574 1282 655 τῇ
1313 574 1353 656 γῇ
1385 559 1405 655 ᾖ
1436 562 1498 638 οῦκ
1519 561 1600 653 ᾔδει.

297 656 370 734 »ότι
390 669 459 753 πῦρ
480 667 677 737 ἐκκέκαυται
699 672 735 737 ἐκ
758 673 820 740 τοῦ
842 673 956 755 θυμοῦ
975 696 1050 756 μου,
1073 663 1127 755 ἐφ’
1148 665 1233 756 ύμᾶς
1252 663 1488 756 καυθησεταιι.

377 762 473 834 Μετὰ
496 771 604 836 ταῦτα
624 771 680 835 καί
703 766 782 849 τοῦς
804 766 926 857 λόγους
948 774 1022 840 τῶν
1045 763 1198 840 άπειλῶν
1220 774 1294 839 τῶν
1312 771 1501 856 εἰρημένων
1515 764 1601 854 πρὸς

293 860 357 933 τόν
372 859 517 952 λαόν<ό>
528 860 692 954 άνωτέρω
709 863 889 956 εὐξάμενος
904 876 1096 956 συμπληροῖ
1108 866 1173 956 τὴν
1181 865 1345 956 εύχὴνκαὶ
1355 863 1519 938 συνάπτει
1528 884 1601 949 τοῖς

258 987 275 1041 5
293 970 549 1051 προειρημένοις
571 972 691 1038 ταῦτα·
717 967 775 1037 »οὐ
796 968 913 1055 ἔγνως,
935 965 1037 1056 κύριε,
1060 965 1231 1058 μνήσθητί
1255 995 1321 1056 μου
1346 973 1402 1038 καί
1424 970 1601 1052 ἐπίσκεφαί

291 1088 340 1150 με,
362 1067 418 1132 καὶ
440 1059 614 1137 άθῶωσόν
634 1093 674 1153 με
701 1064 769 1139 άπὸ
796 1075 870 1138 τῶν
896 1063 1185 1140 καταδιωκόντων
1211 1096 1260 1158 με,
1287 1066 1332 1156 μὴ
1358 1071 1404 1148 είς
1430 1075 1601 1154 μακροθυ-

290 1169 400 1249 μίανι.
441 1170 496 1234 καί
528 1159 752 1256 όπροφήτης
775 1172 901 1254 λεγέτω
924 1173 1032 1238 ταῦτα
1055 1165 1260 1256 διωκόμενος
1280 1163 1348 1238 ῦπό
1376 1172 1450 1237 τῶν
1472 1170 1600 1255 ἐλεγχο-

291 1268 416 1352 μένων,
442 1262 641 1353 μισούμενος
667 1263 734 1338 ύπό
766 1275 841 1339 τῶν
866 1264 932 1357 τὴν
958 1263 1126 1356 ἀλήθειαν
1154 1266 1200 1355 μὴ
1225 1263 1450 1353 χωρούντων·
1477 1262 1601 1353 ἐχθρός

292 1361 354 1449 γάρ
376 1367 492 1452 γέγονε
514 1382 586 1446 τοῖς
608 1360 788 1437 ἀκούουσιν
811 1362 991 1456 ἀληθεύων
1013 1363 1136 1449 αύτοις.
1180 1361 1288 1436 ταύτὰ
1310 1371 1345 1436 δὲ
1366 1373 1422 1436 καὶ
1446 1359 1464 1436 ό
1484 1362 1600 1454 σωτὴρ

243 1482 276 1538 10
294 1457 392 1550 ἡμῶν
412 1468 551 1550 λεγέτω,
575 1457 668 1546 ὅστις
688 1470 744 1535 καὶ
765 1465 914 1556 ἐδιώχθη
942 1463 1010 1538 ῦπὸ
1041 1472 1104 1538 τοῦ
1139 1472 1225 1538 λαοῦ
1254 1469 1310 1536 καί
1342 1485 1435 1553 φησι·
1469 1462 1531 1553 »μὴ
1555 1469 1601 1546 εἰς

293 1568 559 1652 μακροθυμίανι.
606 1573 641 1635 τί
668 1569 737 1636 ἐστι
764 1565 805 1638 τὸ
836 1565 898 1656 »μὴ
930 1572 976 1650 εἰς
1005 1569 1280 1658 μακροθυμίαν«,·
1322 1561 1601 1652 ἐμακροθύμησας

293 1657 344 1732 άεὶ
366 1665 422 1732 ἐπὶ
444 1659 507 1733 τόν
529 1660 614 1733 λαὸν
635 1666 689 1734 ἐπὶ
710 1682 784 1748 τοῖς
806 1661 1049 1755 ἁμαρτήμασιν,
1072 1669 1127 1737 ἐπὶ
1142 1671 1177 1738 δὲ
1193 1681 1265 1745 τοῖς
1283 1657 1358 1733 κατ’
1380 1667 1462 1750 ἐμοῦ
1484 1672 1600 1734 τετολ-

292 1767 453 1850 μημένοις
470 1759 515 1850 μὴ
535 1762 808 1854 μακροθυμὴσης.
844 1771 899 1836 καὶ
923 1761 1066 1854 άληθῶς
1081 1760 1099 1836 ό
1116 1763 1197 1847 θεὸς
1212 1759 1274 1836 ούκ
1289 1767 1301 1853 ΙΙ
1317 1760 1600 1852 ἐμακροθύμησεν.
1618 1778 1668 1832 217

293 1858 353 1932 ἐάν
383 1857 540 1949 ἐξετόσης
566 1863 647 1946 τοῦς
667 1859 810 1950 χρόνους
837 1871 901 1936 τοῦ
921 1860 1057 1947 πάθους
1086 1869 1142 1934 καί
1170 1869 1230 1952 τῆς
1256 1863 1423 1945 πτώσεως
1443 1855 1599 1949 Ἰερουσα-

243 1982 275 2036 15
293 1959 359 2050 λὴμ
379 1967 436 2031 καὶ
458 1966 521 2056 τῆς
541 1969 761 2052 κατασκαφῆς
781 1969 844 2053 τῆς
865 1960 1009 2048 πόλεως,
1036 1969 1092 2034 καὶ
1120 1971 1197 2033 τίνα
1224 1960 1357 2051 τρόπον
1382 1966 1601 2050 ἐγκατέλιπεν

294 2053 313 2129 ό
336 2059 417 2141 θεὸς
439 2059 502 2131 τόν
524 2059 610 2133 λαόν
631 2066 771 2146 ἐκεῖνον,
795 2069 866 2136 ἐπεὶ
888 2061 952 2134 τόν
968 2062 1118 2151 Χριστόν
1133 2057 1344 2148 ἀπέκτειναν,
1368 2055 1445 2148 ὄψει
1467 2053 1522 2132 ότι
1537 2055 1599 2130 ούκ

293 2161 339 2240 είς
360 2169 596 2250 μακροθυμίαν
626 2163 676 2233 ἔτι
702 2159 866 2252 ἐχρήσατο
893 2169 945 2254 τῷ
977 2170 1060 2253 λαῶ.
1103 2169 1132 2234 εί
1162 2167 1197 2233 δὲ
1227 2167 1352 2245 θέλεις,
1383 2159 1498 2231 ἄκουε·
1530 2154 1599 2231 άπὸ

292 2258 599 2333 πεντεκαιδεκάτου
624 2264 722 2344 ἔτους
752 2268 900 2351 Τιβερίου
925 2269 1092 2350 Καίσαρος
1117 2267 1172 2334 ἐπὶ
1198 2260 1263 2350 τὴν
1287 2258 1510 2348 κατασκαφὴν
1535 2263 1600 2330 τοῦ

208 2386 277 2443 2761
294 2365 378 2430 ναοῦ
400 2357 650 2448 τεσσαράκοντα
671 2369 727 2432 καὶ
750 2360 809 2435 δύο
831 2358 1056 2452 πεπλήρωται
1078 2364 1144 2451 ἔτη.
1187 2363 1252 2432 ἔδει
1269 2369 1274 2444 l
1293 2357 1355 2448 γὰρ
1379 2354 1498 2448 όλίγον
1520 2358 1597 2430 τινὰ

242 2481 276 2538 20
292 2455 418 2546 χρόνον
453 2465 713 2550 συγχωρηθῆναι
748 2467 794 2546 είς
826 2459 1023 2551 μετάνοιαν,
1055 2459 1200 2550 μάλιστα
1231 2459 1284 2532 διὰ
1316 2459 1397 2542 τούς
1428 2457 1598 2530 πιστεύειν

291 2564 480 2647 μέλλοντας
502 2555 570 2632 άπὸ
601 2566 665 2632 τοῦ
697 2568 782 2634 λαοῦ
804 2565 840 2633 ἐκ
870 2569 944 2634 τῶν
972 2570 1120 2652 σημείων
1147 2567 1205 2632 καὶ
1235 2565 1309 2630 τῶν
1338 2556 1495 2647 τεράτων
1525 2565 1599 2629 τῶν

292 2662 466 2748 ἐσομένων
490 2654 559 2732 όπό
590 2669 663 2732 τῶν
684 2657 900 2734 α’ποστόλων.
954 2674 1001 2734 14.
1038 2667 1168 2750 »γνῶθι
1198 2655 1247 2741 ῶς
1276 2661 1399 2743 ἔλαβον
1428 2666 1505 2746 περὶ
1535 2663 1598 2729 σοῦ

292 2751 483 2848 όνειδισμον
503 2789 570 2831 υπο
592 2788 667 2831 των
689 2759 914 2834 αθετούντων
936 2761 1017 2846 τούς
1035 2758 1157 2851 λόγους
1179 2782 1269 2831 nov«.
1312 2758 1399 2828 ἔστω
1423 2751 1442 2828 ό
1466 2753 1600 2846 προφή-

294 2885 363 2947 της,
390 2863 501 2947 λέγων
525 2867 582 2931 καὶ
608 2865 873 2950 ἐξουθενημένος
899 2857 950 2949 ἐφ’
979 2861 1030 2944 οἶς
1052 2861 1175 2949 ἔλεγεν,
1197 2855 1264 2930 ῦπό
1287 2865 1361 2929 τῶν
1383 2851 1600 2946 άμαρτωλῶν

242 2971 276 3026 25
294 2951 535 3046 άθετούμενος·
551 2967 633 3049 φησὶ
647 2959 709 3048 γὰρ
728 2956 843 3044 αύτός·
862 2967 1049 3033 »διετέλεσα
1062 2955 1376 3050 μυκτηριςόμενοςι.
1409 2952 1600 3042 ω’νειδίςετο

294 3047 357 3126 οὖν
377 3054 445 3129 ύπό
467 3066 543 3130 τῶν
564 3056 789 3132 άθετούντων
811 3061 892 3144 τούς
918 3059 1041 3150 λόγους
1063 3059 1145 3144 τοῦς
1167 3054 1212 3130 δι’
1240 3053 1346 3133 αύτοῦ
1372 3061 1600 3144 λαλουμένοος
1712 3141 1714 3146 Ι

292 3151 360 3228 ύπό
383 3163 447 3230 τοῦ
469 3165 562 3243 θεοῦ,
585 3165 640 3230 καὶ
663 3151 793 3249 εὔχεται
820 3165 874 3232 ἐπὶ
896 3167 947 3250 τῷ
962 3156 1172 3238 ,ω’νειδίσθαι
1193 3161 1413 3247 βοηθηθῆναι
1437 3151 1505 3226 ῦπό
1538 3158 1602 3225 τοῦ

294 3261 379 3328 θεοῦ
400 3263 522 3346 λέγων·
552 3265 681 3347 »γνῶθι
704 3257 752 3344 ῶς
778 3261 900 3345 ἔλαβον
926 3268 1004 3350 περὶ
1033 3265 1096 3332 σοῦ
1114 3255 1304 3344 όνειδισμόν
1328 3252 1396 3328 ύπό
1423 3261 1496 3326 τῶν
1523 3250 1601 3326 άθε-

379 3426 457 3484 142.
475 3428 539 3499 vgl.
562 3447 584 3488 α.
600 3429 670 3485 Cels.
686 3433 711 3498 4,
728 3432 762 3487 22
783 3431 868 3500 (Orig.
880 3431 901 3500 1,
913 3430 971 3496 291,
983 3431 1074 3500 25ff.):
1101 3426 1316 3502 τεσσαράκοντα
1341 3422 1397 3498 γὰρ
1420 3418 1466 3494 ἐτη
1484 3421 1600 3480 καὶδύο

293 3503 374 3579 οἶμαι
396 3505 451 3583 ἀφ’
473 3505 507 3570 οὗ
529 3511 712 3588 ἐσταύρωσαν
729 3514 780 3572 τὸν
793 3509 899 3585 Ἰησοῦν
916 3512 1066 3586 γεγονέναι
1083 3510 1130 3570 ἐπί
1146 3514 1197 3581 την
1210 3505 1415 3585 Ἱεροσολύμων
1432 3510 1601 3582 καθαίρεσιν

292 3595 359 3666 (vgl.
381 3595 466 3653 clem
484 3599 563 3654 Alex.
581 3599 680 3655 Strom.
696 3601 722 3666 1,
739 3601 787 3668 21,
804 3603 866 3665 145;
893 3601 991 3656 andern
1013 3617 1046 3654 w.
1063 3616 1086 3654 ε.
1103 3597 1158 3652 sch.
1182 3596 1256 3667 Orig.
1278 3595 1308 3650 in
1330 3595 1429 3650 Matth.
1447 3594 1551 3649 Comm.
1567 3595 1602 3650 40

292 3681 330 3736 Lo
342 3685 367 3746 4,
380 3683 518 3754 κυεη-
531 3685 620 3752 ειμι
633 3685 697 3756 vgl.
711 3689 771 3741 εει
782 3686 806 3752 2,
815 3685 994 3742 ια-ιοιι.
1008 3682 1224 3754 νςιειιυαιυ
1236 3681 1312 3736 Tom.
1323 3681 1363 3744 ιο,
1373 3681 1406 3734 18
1418 3678 1467 3746 ρο
1477 3677 1600 3746 εμεση

293 3759 484 3835 Ἀῒίίῑάζθπαι
503 3767 532 3826 δὲ
550 3765 579 3826 οὶ
596 3779 741 3844 προφῆται
758 3775 874 3844 πρῶτον
890 3769 944 3839 μὲν
962 3766 1129 3838 διωχθέντες
1145 3763 1218 3822 κατὰ
1236 3761 1364 3836 ίστορίαν
1381 3758 1436 3817 ὑπὸ
1449 3768 1501 3817 τοῦ
1512 3765 1599 3816 λαοῦ·

291 3849 423 3924 δείτερον
449 3851 479 3910 δὲ
503 3856 543 3924 μη
569 3854 772 3925 πιστευομένης
799 3853 892 3912 αὐτῶν
918 3858 967 3921 τῆς
993 3851 1168 3924 προφητείας
1184 3845 1240 3905 ῦκδ
1258 3851 1309 3906 τοῦ
1325 3851 1397 3904 λαοῦ
1414 3849 1472 3902 κτλ.
1499 3875 1533 3886 -
1560 3845 1600 3901 25

292 3937 391 3992 Jorem
404 3939 445 4003 20,
459 3941 482 3996 7.

377 4090 396 4145 4
419 4085 435 4144 δ
455 4090 618 4146 Ιιὶεῦνιυαυα
634 4092 706 4146 ναοῦ
724 4090 762 4144 H:
785 4090 831 4144 ι’ίίι
849 4089 917 4158 quil
940 4088 957 4142 θ
974 4087 1032 4156 καί]
1045 4095 1078 4146 <
1089 4085 1116 4140 Η
1134 4086 1139 4152 Ι
1162 4083 1251 4142 7-13
1269 4083 1371 4138 Ηίετυυ
1391 4082 1499 4152 Fragm.
1518 4082 1552 4137 55
1571 4079 1601 4134 in

291 4173 324 4230 0:
349 4176 690 4248 Ταῦτα-μακροθυμίας
704 4175 743 4243 18
761 4171 943 4243 μισούμενος]
961 4181 995 4231 <
1009 4170 1036 4224 H
1050 4172 1055 4241 Ι
1070 4170 1089 4227 2
1107 4167 1197 4226 ταίτὰ
1215 4169 1293 4223 Βίαεε
1309 4175 1398 4223 ταῦτα
1416 4167 1434 4221 S
1448 4169 1453 4235 Ι
1470 4168 1506 4222 10
1523 4159 1602 4230 ὅστις

291 4261 339 4315 καί
362 4255 495 4332 ἐδιώχθη]
526 4277 612 4330 usque
640 4261 677 4315 αδ
704 4275 811 4315 erucem
837 4258 1050 4327 persecutionem
1070 4271 1174 4325 φαοειιε
1197 4253 1222 4307 Η
1237 4254 1241 4321 Ι
1259 4253 1294 4309 14
1317 4250 1438 4322 πάθους]
1457 4250 1602 4320 passionis

292 4343 488 4399 ίλοικίκίοαιΗ
503 4345 644 4401 vielleieht
657 4344 758 4414 riehtig
772 4345 777 4412 ]
793 4348 841 4412 τῆς
853 4341 1012 4412 fibergewh.
1022 4341 1053 4396 8¹
1068 4340 1073 4408 Ι
1089 4337 1196 4396 15-16
1205 4332 1482 4406 καθ-ἀπέκτειναν]
1492 4335 1601 4404 quando

291 4431 419 4484 αιδνενεα
436 4435 474 4485 est
486 4430 512 4484 H
526 4431 531 4499 Ι
548 4431 584 4487 l?
606 4424 646 4486 ἔτι
664 4425 813 4502 ἐχρήσατο]
831 4428 934 4483 αίιιιειισ
952 4426 989 4480 sit
1001 4424 1027 4479 Η
1038 4425 1082 4494 (ε-
1094 4419 1286 4494 δπεχρησατο)
1301 4421 1305 4487 1
1320 4421 1354 4476 20
1365 4419 1496 4490 μάλιστα]
1509 4429 1542 4479 <
1554 4419 1581 4473 H

292 4515 332 4570 24
350 4517 400 4570 καί
417 4511 649 4586 ἐξουθενημένος]
669 4523 702 4574 <
713 4514 739 4568 Η
759 4515 762 4581 Ι
783 4514 822 4569 25
841 4509 938 4582 αὐτός]
955 4515 980 4566 et
996 4509 1068 4564 alibi
1079 4508 1105 4563 Η
1119 4509 1124 4576 Ι
1139 4505 1288 4575 διετέλεσα]
1307 4505 1437 4573 complevi
1453 4505 1511 4558 διἰε
1529 4521 1600 4560 meos

189 4649 195 4664 ,
294 4598 324 4654 Η
342 4599 408 4670 (ng.
422 4599 505 4666 Lxx)
521 4601 525 4667 Ι
541 4599 578 4656 26
595 4591 634 4654 δι’
652 4596 747 4668 αἰτοῦ]
766 4597 855 4665 <111
872 4596 909 4654 27
931 4591 978 4650 ἐπί
995 4599 1034 4667 τῷ
1053 4588 1226 4660 ὢνειδίσθαι]
1246 4599 1279 4650 <
1291 4589 1325 4643 H.
