<?xml version="1.0" encoding="UTF-8"?>
<!DOCTYPE html PUBLIC "-//W3C//DTD XHTML 1.0 Transitional//EN"
    "http://www.w3.org/TR/xhtml1/DTD/xhtml1-transitional.dtd">
<html xmlns="http://www.w3.org/1999/xhtml" xml:lang="en" lang="en">
 <head>
  <title>
</title>
<meta http-equiv="Content-Type" content="text/html;charset=utf-8" />
  <meta name='ocr-system' content='tesseract 3.04.00' />
  <meta name='ocr-capabilities' content='ocr_page ocr_carea ocr_par ocr_line ocrx_word'/>
</head>
<body>
  <div class='ocr_page' id='page_1' title='image "./diegriechischen01unkngoog/diegriechischen01unkngoog_0232.png"; bbox 0 0 3694 5542; ppageno 0'>
   <div class='ocr_carea' id='block_1_1' title="bbox 662 441 1552 512">
    <p class='ocr_par' dir='ltr' id='par_1_1' title="bbox 662 441 1552 512">
     <span class='ocr_line' id='line_1_1' title="bbox 662 441 1552 512; baseline 0.01 -16"><span class='ocrx_word' id='word_1_1' title='bbox 662 441 783 497; x_wconf 77' lang='lat' dir='ltr'><strong>Homilio</strong></span> <span class='ocrx_word' id='word_1_2' title='bbox 794 441 866 498; x_wconf 78' lang='lat' dir='ltr'><strong>m</strong></span> <span class='ocrx_word' id='word_1_3' title='bbox 901 444 1141 510; x_wconf 76' lang='lat' dir='ltr'><strong>serem.20,1-7.</strong></span> <span class='ocrx_word' id='word_1_4' title='bbox 1495 449 1552 512; x_wconf 85' lang='lat'><em>171</em></span> 
     </span>
    </p>
   </div>
   <div class='ocr_carea' id='block_1_2' title="bbox 159 601 1623 3685">
    <p class='ocr_par' dir='ltr' id='par_1_2' title="bbox 159 601 1623 3685">
     <span class='ocr_line' id='line_1_2' title="bbox 249 601 1554 696; baseline -0.001 -19"><span class='ocrx_word' id='word_1_5' title='bbox 249 604 403 689; x_wconf 76' lang='grc' dir='ltr'><em>βασιλευς</em></span> <span class='ocrx_word' id='word_1_6' title='bbox 419 610 628 690; x_wconf 80' lang='grc' dir='ltr'><strong><em>Βαβυλῶνος</em></strong></span> <span class='ocrx_word' id='word_1_7' title='bbox 649 603 904 696; x_wconf 76' lang='grc' dir='ltr'><em>παραλαμβάνει</em></span> <span class='ocrx_word' id='word_1_8' title='bbox 926 605 1007 688; x_wconf 80' lang='grc' dir='ltr'><em>τούς</em></span> <span class='ocrx_word' id='word_1_9' title='bbox 1035 601 1303 696; x_wconf 74' lang='grc' dir='ltr'><em>ἁμαρτάνοντας.</em></span> <span class='ocrx_word' id='word_1_10' title='bbox 1343 604 1497 691; x_wconf 77' lang='grc' dir='ltr'><em>βασιλεὺς</em></span> <span class='ocrx_word' id='word_1_11' title='bbox 1519 611 1554 676; x_wconf 77' lang='grc' dir='ltr'><em>δὲ</em></span> 
     </span>
     <span class='ocr_line' id='line_1_3' title="bbox 251 701 1554 796; baseline 0.001 -18"><span class='ocrx_word' id='word_1_12' title='bbox 251 712 460 790; x_wconf 77' lang='grc' dir='ltr'><em>Βαβυλῶνος</em></span> <span class='ocrx_word' id='word_1_13' title='bbox 489 703 577 776; x_wconf 83' lang='grc' dir='ltr'><em>κατὰ</em></span> <span class='ocrx_word' id='word_1_14' title='bbox 603 711 665 794; x_wconf 80' lang='grc' dir='ltr'><em>μὲν</em></span> <span class='ocrx_word' id='word_1_15' title='bbox 690 705 755 795; x_wconf 83' lang='grc' dir='ltr'><em>τὴν</em></span> <span class='ocrx_word' id='word_1_16' title='bbox 781 709 935 795; x_wconf 81' lang='grc' dir='ltr'><em>ἱστορίαν</em></span> <span class='ocrx_word' id='word_1_17' title='bbox 963 701 1281 794; x_wconf 88' lang='grc' dir='ltr'><em>Ναβουχοδονόσσρ,</em></span> <span class='ocrx_word' id='word_1_18' title='bbox 1310 706 1399 777; x_wconf 88' lang='grc' dir='ltr'><em>κατά</em></span> <span class='ocrx_word' id='word_1_19' title='bbox 1427 711 1462 778; x_wconf 80' lang='grc' dir='ltr'><em>δὲ</em></span> <span class='ocrx_word' id='word_1_20' title='bbox 1488 705 1554 796; x_wconf 76' lang='grc' dir='ltr'><em>τὴν</em></span> 
     </span>
     <span class='ocr_line' id='line_1_4' title="bbox 251 799 1554 896; baseline 0 -16"><span class='ocrx_word' id='word_1_21' title='bbox 251 803 431 896; x_wconf 82' lang='grc' dir='ltr'><em>άναχωχὴν</em></span> <span class='ocrx_word' id='word_1_22' title='bbox 447 799 465 877; x_wconf 90' lang='grc' dir='ltr'><em>ό</em></span> <span class='ocrx_word' id='word_1_23' title='bbox 481 803 640 894; x_wconf 89' lang='grc' dir='ltr'><em>πονηρός.</em></span> <span class='ocrx_word' id='word_1_24' title='bbox 675 804 791 896; x_wconf 82' lang='grc' dir='ltr'><em>τούτῳ</em></span> <span class='ocrx_word' id='word_1_25' title='bbox 814 812 849 878; x_wconf 78' lang='grc' dir='ltr'><em>δὲ</em></span> <span class='ocrx_word' id='word_1_26' title='bbox 870 812 1095 894; x_wconf 75' lang='grc' dir='ltr'><em>παραδίδοται</em></span> <span class='ocrx_word' id='word_1_27' title='bbox 1109 799 1128 876; x_wconf 89' lang='grc' dir='ltr'><em>ό</em></span> <span class='ocrx_word' id='word_1_28' title='bbox 1144 801 1357 895; x_wconf 84' lang='grc' dir='ltr'><em>άμαρτωλός,</em></span> <span class='ocrx_word' id='word_1_29' title='bbox 1376 809 1448 877; x_wconf 87' lang='grc' dir='ltr'><em>έπεί</em></span> <span class='ocrx_word' id='word_1_30' title='bbox 1462 810 1554 880; x_wconf 79' lang='grc' dir='ltr'><em>ἐστιν</em></span> 
     </span>
     <span class='ocr_line' id='line_1_5' title="bbox 250 899 1553 997; baseline 0 -19"><span class='ocrx_word' id='word_1_31' title='bbox 250 902 426 996; x_wconf 78' lang='grc' dir='ltr'><em>ἀμφότερα</em></span> <span class='ocrx_word' id='word_1_32' title='bbox 455 911 510 976; x_wconf 82' lang='grc' dir='ltr'><em>καί</em></span> <span class='ocrx_word' id='word_1_33' title='bbox 540 908 663 997; x_wconf 79' lang='grc' dir='ltr'><em>ἐχθρός</em></span> <span class='ocrx_word' id='word_1_34' title='bbox 692 912 747 976; x_wconf 82' lang='grc' dir='ltr'><em>καὶ</em></span> <span class='ocrx_word' id='word_1_35' title='bbox 778 904 962 997; x_wconf 84' lang='grc' dir='ltr'><em>έκδικητὴς.</em></span> <span class='ocrx_word' id='word_1_36' title='bbox 1014 899 1070 978; x_wconf 86' lang='grc' dir='ltr'><em>ότι</em></span> <span class='ocrx_word' id='word_1_37' title='bbox 1100 911 1135 977; x_wconf 79' lang='grc' dir='ltr'><em>δὲ</em></span> <span class='ocrx_word' id='word_1_38' title='bbox 1161 901 1256 995; x_wconf 79' lang='grc' dir='ltr'><em>αότῷ</em></span> <span class='ocrx_word' id='word_1_39' title='bbox 1282 911 1506 995; x_wconf 77' lang='grc' dir='ltr'><em>παραδίδοται</em></span> <span class='ocrx_word' id='word_1_40' title='bbox 1534 902 1553 978; x_wconf 87' lang='grc' dir='ltr'><em>ό</em></span> 
     </span>
     <span class='ocr_line' id='line_1_6' title="bbox 215 999 1554 1096; baseline 0.001 -22"><span class='ocrx_word' id='word_1_41' title='bbox 215 1019 231 1074; x_wconf 84' lang='grc'>5</span> <span class='ocrx_word' id='word_1_42' title='bbox 249 1002 460 1096; x_wconf 86' lang='grc' dir='ltr'><em>άμαρτωλός,</em></span> <span class='ocrx_word' id='word_1_43' title='bbox 483 1003 617 1089; x_wconf 87' lang='grc' dir='ltr'><em>Παῦλός</em></span> <span class='ocrx_word' id='word_1_44' title='bbox 639 1029 675 1079; x_wconf 84' lang='grc' dir='ltr'><em>σε</em></span> <span class='ocrx_word' id='word_1_45' title='bbox 697 1002 876 1092; x_wconf 77' lang='grc' dir='ltr'><em>διδαξάτω,</em></span> <span class='ocrx_word' id='word_1_46' title='bbox 900 999 989 1078; x_wconf 80' lang='grc' dir='ltr'><em>ὅπου</em></span> <span class='ocrx_word' id='word_1_47' title='bbox 1011 1011 1072 1096; x_wconf 82' lang='grc' dir='ltr'><em>μὲν</em></span> <span class='ocrx_word' id='word_1_48' title='bbox 1095 1011 1206 1094; x_wconf 83' lang='grc' dir='ltr'><em>λέγων</em></span> <span class='ocrx_word' id='word_1_49' title='bbox 1226 1013 1305 1094; x_wconf 85' lang='grc' dir='ltr'><em>περὶ</em></span> <span class='ocrx_word' id='word_1_50' title='bbox 1326 1012 1477 1095; x_wconf 80' lang='grc' dir='ltr'><em>Φυγέλσυ</em></span> <span class='ocrx_word' id='word_1_51' title='bbox 1497 1013 1554 1079; x_wconf 90' lang='grc' dir='ltr'><em>καὶ</em></span> 
     </span>
     <span class='ocr_line' id='line_1_7' title="bbox 248 1100 1553 1198; baseline 0.002 -22"><span class='ocrx_word' id='word_1_52' title='bbox 248 1101 459 1196; x_wconf 77' lang='grc' dir='ltr'><em>Ἑρμογένσυ·</em></span> <span class='ocrx_word' id='word_1_53' title='bbox 494 1100 570 1188; x_wconf 72' lang='grc' dir='ltr'><em>νοός</em></span> <span class='ocrx_word' id='word_1_54' title='bbox 599 1111 781 1195; x_wconf 78' lang='grc' dir='ltr'><em>παρέδωκα</em></span> <span class='ocrx_word' id='word_1_55' title='bbox 811 1113 862 1196; x_wconf 78' lang='grc' dir='ltr'><em>τῷ</em></span> <span class='ocrx_word' id='word_1_56' title='bbox 893 1111 1036 1198; x_wconf 81' lang='grc' dir='ltr'><em>σατανᾷ,</em></span> <span class='ocrx_word' id='word_1_57' title='bbox 1069 1109 1124 1177; x_wconf 82' lang='grc' dir='ltr'><em>ίνα</em></span> <span class='ocrx_word' id='word_1_58' title='bbox 1150 1111 1360 1178; x_wconf 82' lang='grc' dir='ltr'><em>παιδευθῶσι</em></span> <span class='ocrx_word' id='word_1_59' title='bbox 1384 1105 1429 1196; x_wconf 81' lang='grc' dir='ltr'><em>μὴ</em></span> <span class='ocrx_word' id='word_1_60' title='bbox 1457 1113 1553 1189; x_wconf 85' lang='grc' dir='ltr'><em>βλασ-</em></span> 
     </span>
     <span class='ocr_line' id='line_1_8' title="bbox 250 1198 1553 1297; baseline 0 -21"><span class='ocrx_word' id='word_1_61' title='bbox 250 1223 406 1295; x_wconf 78' lang='grc' dir='ltr'><em>φημεῑνι,</em></span> <span class='ocrx_word' id='word_1_62' title='bbox 433 1198 522 1276; x_wconf 80' lang='grc' dir='ltr'><em>ὅπου</em></span> <span class='ocrx_word' id='word_1_63' title='bbox 543 1211 578 1278; x_wconf 81' lang='grc' dir='ltr'><em>δὲ</em></span> <span class='ocrx_word' id='word_1_64' title='bbox 599 1213 675 1295; x_wconf 83' lang='grc' dir='ltr'><em>περὶ</em></span> <span class='ocrx_word' id='word_1_65' title='bbox 696 1211 759 1277; x_wconf 85' lang='grc' dir='ltr'><em>τοῦ</em></span> <span class='ocrx_word' id='word_1_66' title='bbox 779 1201 1068 1297; x_wconf 76' lang='grc' dir='ltr'><em>πεπορνευκότος</em></span> <span class='ocrx_word' id='word_1_67' title='bbox 1098 1212 1360 1293; x_wconf 76' lang='grc' dir='ltr'><em>»συναχθέντων</em></span> <span class='ocrx_word' id='word_1_68' title='bbox 1380 1201 1476 1296; x_wconf 80' lang='grc' dir='ltr'><em>δμῶν</em></span> <span class='ocrx_word' id='word_1_69' title='bbox 1497 1213 1553 1279; x_wconf 86' lang='grc' dir='ltr'><em>καὶ</em></span> 
     </span>
     <span class='ocr_line' id='line_1_9' title="bbox 161 1300 1554 1395; baseline 0.004 -25"><span class='ocrx_word' id='word_1_70' title='bbox 161 1311 312 1378; x_wconf 83' lang='grc' dir='ltr'><em>31οττοῦ</em></span> <span class='ocrx_word' id='word_1_71' title='bbox 342 1309 424 1394; x_wconf 77' lang='grc' dir='ltr'><em>ἐμοῦ</em></span> <span class='ocrx_word' id='word_1_72' title='bbox 453 1304 647 1394; x_wconf 82' lang='grc' dir='ltr'><em>πνεύματος</em></span> <span class='ocrx_word' id='word_1_73' title='bbox 676 1305 737 1378; x_wconf 84' lang='grc' dir='ltr'><em>σόν</em></span> <span class='ocrx_word' id='word_1_74' title='bbox 767 1313 811 1394; x_wconf 80' lang='grc' dir='ltr'><em>τῇ</em></span> <span class='ocrx_word' id='word_1_75' title='bbox 841 1303 979 1395; x_wconf 76' lang='grc' dir='ltr'><em>δυνάμει</em></span> <span class='ocrx_word' id='word_1_76' title='bbox 1002 1309 1006 1391; x_wconf 96' lang='grc' dir='ltr'>Ι</span> <span class='ocrx_word' id='word_1_77' title='bbox 1030 1310 1094 1377; x_wconf 84' lang='grc' dir='ltr'><em>τοῦ</em></span> <span class='ocrx_word' id='word_1_78' title='bbox 1123 1311 1243 1393; x_wconf 83' lang='grc' dir='ltr'><em>κυρίου</em></span> <span class='ocrx_word' id='word_1_79' title='bbox 1271 1300 1387 1394; x_wconf 79' lang='grc' dir='ltr'><em>Ἰησοῦ,</em></span> <span class='ocrx_word' id='word_1_80' title='bbox 1417 1313 1554 1394; x_wconf 81' lang='grc' dir='ltr'><em>κέκρικα</em></span> 
     </span>
     <span class='ocr_line' id='line_1_10' title="bbox 247 1396 1553 1497; baseline 0.001 -20"><span class='ocrx_word' id='word_1_81' title='bbox 247 1409 460 1495; x_wconf 87' lang='grc' dir='ltr'><em>παραδοῦναι</em></span> <span class='ocrx_word' id='word_1_82' title='bbox 487 1404 550 1477; x_wconf 87' lang='grc' dir='ltr'><em>τόν</em></span> <span class='ocrx_word' id='word_1_83' title='bbox 575 1411 740 1478; x_wconf 82' lang='grc' dir='ltr'><em>τοιοῦτον</em></span> <span class='ocrx_word' id='word_1_84' title='bbox 766 1409 819 1494; x_wconf 84' lang='grc' dir='ltr'><em>τῷ</em></span> <span class='ocrx_word' id='word_1_85' title='bbox 846 1409 974 1497; x_wconf 78' lang='grc' dir='ltr'><em>σατανᾷ</em></span> <span class='ocrx_word' id='word_1_86' title='bbox 1001 1411 1047 1488; x_wconf 89' lang='grc' dir='ltr'><em>είς</em></span> <span class='ocrx_word' id='word_1_87' title='bbox 1074 1396 1223 1493; x_wconf 83' lang='grc' dir='ltr'><em>ὄλεθρον</em></span> <span class='ocrx_word' id='word_1_88' title='bbox 1252 1409 1313 1494; x_wconf 85' lang='grc' dir='ltr'><em>τῆς</em></span> <span class='ocrx_word' id='word_1_89' title='bbox 1335 1402 1471 1494; x_wconf 90' lang='grc' dir='ltr'><em>σαρκός,</em></span> <span class='ocrx_word' id='word_1_90' title='bbox 1499 1407 1553 1478; x_wconf 85' lang='grc' dir='ltr'><em>ίνα</em></span> 
     </span>
     <span class='ocr_line' id='line_1_11' title="bbox 198 1497 1552 1597; baseline 0.006 -26"><span class='ocrx_word' id='word_1_91' title='bbox 198 1519 231 1573; x_wconf 88' lang='grc'><em>10</em></span> <span class='ocrx_word' id='word_1_92' title='bbox 248 1503 289 1575; x_wconf 88' lang='grc' dir='ltr'><em>τὸ</em></span> <span class='ocrx_word' id='word_1_93' title='bbox 310 1511 442 1594; x_wconf 74' lang='grc' dir='ltr'><em>πνεῦμα</em></span> <span class='ocrx_word' id='word_1_94' title='bbox 469 1512 568 1594; x_wconf 77' lang='grc' dir='ltr'><em>σωθῇ</em></span> <span class='ocrx_word' id='word_1_95' title='bbox 598 1510 637 1577; x_wconf 86' lang='grc' dir='ltr'><em>έν</em></span> <span class='ocrx_word' id='word_1_96' title='bbox 663 1512 706 1593; x_wconf 80' lang='grc' dir='ltr'><em>τῇ</em></span> <span class='ocrx_word' id='word_1_97' title='bbox 728 1501 833 1597; x_wconf 76' lang='grc' dir='ltr'><em>ἡμέρη</em></span> <span class='ocrx_word' id='word_1_98' title='bbox 854 1510 917 1577; x_wconf 86' lang='grc' dir='ltr'><em>τοῦ</em></span> <span class='ocrx_word' id='word_1_99' title='bbox 938 1511 1059 1593; x_wconf 89' lang='grc' dir='ltr'><em>κυρίου</em></span> <span class='ocrx_word' id='word_1_100' title='bbox 1079 1497 1183 1593; x_wconf 80' lang='grc' dir='ltr'><em>Ἰησσῦ</em></span> <span class='ocrx_word' id='word_1_101' title='bbox 1205 1510 1383 1592; x_wconf 78' lang='grc' dir='ltr'><em>Χριστυῦι.</em></span> <span class='ocrx_word' id='word_1_102' title='bbox 1426 1501 1552 1579; x_wconf 77' lang='grc' dir='ltr'><em>οὐκοῦν</em></span> 
     </span>
     <span class='ocr_line' id='line_1_12' title="bbox 247 1595 1552 1695; baseline 0.003 -21"><span class='ocrx_word' id='word_1_103' title='bbox 247 1609 471 1692; x_wconf 89' lang='grc' dir='ltr'><em>παραδίδοται</em></span> <span class='ocrx_word' id='word_1_104' title='bbox 499 1600 685 1695; x_wconf 81' lang='grc' dir='ltr'><em>όΠασχιὸρ</em></span> <span class='ocrx_word' id='word_1_105' title='bbox 707 1595 824 1688; x_wconf 81' lang='grc' dir='ltr'><em>οὗτος,</em></span> <span class='ocrx_word' id='word_1_106' title='bbox 848 1600 868 1694; x_wconf 83' lang='grc' dir='ltr'><em>ἦ</em></span> <span class='ocrx_word' id='word_1_107' title='bbox 903 1609 966 1676; x_wconf 87' lang='grc' dir='ltr'><em>τοῦ</em></span> <span class='ocrx_word' id='word_1_108' title='bbox 993 1598 1162 1692; x_wconf 88' lang='grc' dir='ltr'><em>στόματος</em></span> <span class='ocrx_word' id='word_1_109' title='bbox 1186 1609 1347 1688; x_wconf 84' lang='grc' dir='ltr'><em>Μελανία,</em></span> <span class='ocrx_word' id='word_1_110' title='bbox 1372 1611 1420 1688; x_wconf 85' lang='grc' dir='ltr'><em>είς</em></span> <span class='ocrx_word' id='word_1_111' title='bbox 1439 1625 1552 1695; x_wconf 77' lang='grc' dir='ltr'><em>χεῖρας</em></span> 
     </span>
     <span class='ocr_line' id='line_1_13' title="bbox 248 1697 1550 1794; baseline 0.002 -21"><span class='ocrx_word' id='word_1_112' title='bbox 248 1709 311 1774; x_wconf 85' lang='grc' dir='ltr'><em>τοῦ</em></span> <span class='ocrx_word' id='word_1_113' title='bbox 331 1711 495 1788; x_wconf 90' lang='grc' dir='ltr'><em>βασιλέως</em></span> <span class='ocrx_word' id='word_1_114' title='bbox 517 1710 579 1794; x_wconf 84' lang='grc' dir='ltr'><em>τῆς</em></span> <span class='ocrx_word' id='word_1_115' title='bbox 599 1710 809 1789; x_wconf 78' lang='grc' dir='ltr'><em>Βαβυλῶνος</em></span> <span class='ocrx_word' id='word_1_116' title='bbox 830 1711 886 1776; x_wconf 89' lang='grc' dir='ltr'><em>καὶ</em></span> <span class='ocrx_word' id='word_1_117' title='bbox 907 1710 1153 1792; x_wconf 78' lang='grc' dir='ltr'><em>μετοικίζουσιν</em></span> <span class='ocrx_word' id='word_1_118' title='bbox 1169 1697 1275 1775; x_wconf 74' lang='grc' dir='ltr'><em>αὐτόν</em></span> <span class='ocrx_word' id='word_1_119' title='bbox 1290 1709 1337 1787; x_wconf 86' lang='grc' dir='ltr'><em>είς</em></span> <span class='ocrx_word' id='word_1_120' title='bbox 1352 1710 1550 1789; x_wconf 84' lang='grc' dir='ltr'><em>Βαβυλῶνα.</em></span> 
     </span>
     <span class='ocr_line' id='line_1_14' title="bbox 332 1799 1552 1894; baseline 0.004 -21"><span class='ocrx_word' id='word_1_121' title='bbox 332 1809 416 1874; x_wconf 81' lang='grc' dir='ltr'><em>»Καὶ</em></span> <span class='ocrx_word' id='word_1_122' title='bbox 451 1801 706 1890; x_wconf 82' lang='grc' dir='ltr'><em>κατακόψαυσιν</em></span> <span class='ocrx_word' id='word_1_123' title='bbox 737 1799 862 1887; x_wconf 79' lang='grc' dir='ltr'><em>αότοὺς</em></span> <span class='ocrx_word' id='word_1_124' title='bbox 890 1801 927 1876; x_wconf 86' lang='grc' dir='ltr'><em>έν</em></span> <span class='ocrx_word' id='word_1_125' title='bbox 958 1811 1110 1894; x_wconf 76' lang='grc' dir='ltr'><em>μαχαίρᾳ.</em></span> <span class='ocrx_word' id='word_1_126' title='bbox 1151 1807 1207 1874; x_wconf 84' lang='grc' dir='ltr'><em>καί</em></span> <span class='ocrx_word' id='word_1_127' title='bbox 1236 1802 1336 1875; x_wconf 80' lang='grc' dir='ltr'><em>δώσω</em></span> <span class='ocrx_word' id='word_1_128' title='bbox 1365 1802 1429 1892; x_wconf 84' lang='grc' dir='ltr'><em>τὴν</em></span> <span class='ocrx_word' id='word_1_129' title='bbox 1457 1804 1552 1894; x_wconf 83' lang='grc' dir='ltr'><em>ίσχόν</em></span> 
     </span>
     <span class='ocr_line' id='line_1_15' title="bbox 246 1895 1552 1994; baseline 0.002 -23"><span class='ocrx_word' id='word_1_130' title='bbox 246 1907 359 1974; x_wconf 84' lang='grc' dir='ltr'><em>πᾶσαν</em></span> <span class='ocrx_word' id='word_1_131' title='bbox 385 1907 447 1992; x_wconf 87' lang='grc' dir='ltr'><em>τῆς</em></span> <span class='ocrx_word' id='word_1_132' title='bbox 472 1898 609 1987; x_wconf 85' lang='grc' dir='ltr'><em>πόλεως</em></span> <span class='ocrx_word' id='word_1_133' title='bbox 636 1902 790 1992; x_wconf 71' lang='grc' dir='ltr'><em>ταύτηςτ.</em></span> <span class='ocrx_word' id='word_1_134' title='bbox 838 1899 967 1992; x_wconf 73' lang='grc' dir='ltr'><em>εὐχερὲς</em></span> <span class='ocrx_word' id='word_1_135' title='bbox 993 1909 1100 1974; x_wconf 76' lang='grc' dir='ltr'><em>εἰπεῖν</em></span> <span class='ocrx_word' id='word_1_136' title='bbox 1124 1895 1178 1974; x_wconf 86' lang='grc' dir='ltr'><em>ότι</em></span> <span class='ocrx_word' id='word_1_137' title='bbox 1199 1900 1454 1992; x_wconf 83' lang='grc' dir='ltr'><em>προφητεάεται</em></span> <span class='ocrx_word' id='word_1_138' title='bbox 1475 1911 1552 1994; x_wconf 83' lang='grc' dir='ltr'><em>περὶ</em></span> 
     </span>
     <span class='ocr_line' id='line_1_16' title="bbox 198 1997 1551 2093; baseline 0.004 -25"><span class='ocrx_word' id='word_1_139' title='bbox 198 2015 230 2068; x_wconf 84' lang='grc'><em>15</em></span> <span class='ocrx_word' id='word_1_140' title='bbox 248 2007 309 2092; x_wconf 82' lang='grc' dir='ltr'><em>τῆς</em></span> <span class='ocrx_word' id='word_1_141' title='bbox 329 1997 539 2092; x_wconf 73' lang='grc' dir='ltr'><em>Ἰερουσαλὴμ</em></span> <span class='ocrx_word' id='word_1_142' title='bbox 560 2009 678 2074; x_wconf 82' lang='grc' dir='ltr'><em>ταῦτα·</em></span> <span class='ocrx_word' id='word_1_143' title='bbox 703 2007 931 2093; x_wconf 87' lang='grc' dir='ltr'><em>παραδέδοται</em></span> <span class='ocrx_word' id='word_1_144' title='bbox 955 2001 1017 2092; x_wconf 75' lang='grc' dir='ltr'><em>γάρ</em></span> <span class='ocrx_word' id='word_1_145' title='bbox 1038 2008 1131 2075; x_wconf 80' lang='grc' dir='ltr'><em>πᾶσα</em></span> <span class='ocrx_word' id='word_1_146' title='bbox 1153 1997 1174 2092; x_wconf 79' lang='grc' dir='ltr'><em>ἦ</em></span> <span class='ocrx_word' id='word_1_147' title='bbox 1196 2001 1286 2091; x_wconf 84' lang='grc' dir='ltr'><em>ίσχὺς</em></span> <span class='ocrx_word' id='word_1_148' title='bbox 1307 1997 1411 2092; x_wconf 73' lang='grc' dir='ltr'><em>αὐτῆς</em></span> <span class='ocrx_word' id='word_1_149' title='bbox 1430 2009 1486 2074; x_wconf 83' lang='grc' dir='ltr'><em>καὶ</em></span> <span class='ocrx_word' id='word_1_150' title='bbox 1508 2003 1551 2074; x_wconf 85' lang='grc' dir='ltr'><em>τά</em></span> 
     </span>
     <span class='ocr_line' id='line_1_17' title="bbox 247 2095 1552 2192; baseline 0 -20"><span class='ocrx_word' id='word_1_151' title='bbox 247 2101 474 2192; x_wconf 78' lang='grc' dir='ltr'><em>ἐπιφερόμενα</em></span> <span class='ocrx_word' id='word_1_152' title='bbox 500 2099 580 2174; x_wconf 82' lang='grc' dir='ltr'><em>τότε</em></span> <span class='ocrx_word' id='word_1_153' title='bbox 607 2108 659 2191; x_wconf 84' lang='grc' dir='ltr'><em>τῷ</em></span> <span class='ocrx_word' id='word_1_154' title='bbox 681 2109 754 2175; x_wconf 81' lang='grc' dir='ltr'><em>τῶν</em></span> <span class='ocrx_word' id='word_1_155' title='bbox 777 2107 1015 2186; x_wconf 87' lang='grc' dir='ltr'><em>Βαβυλωνίων</em></span> <span class='ocrx_word' id='word_1_156' title='bbox 1035 2109 1169 2187; x_wconf 81' lang='grc' dir='ltr'><em>βασιλεῖ.</em></span> <span class='ocrx_word' id='word_1_157' title='bbox 1217 2097 1346 2192; x_wconf 83' lang='grc' dir='ltr'><em>εάχερὲς</em></span> <span class='ocrx_word' id='word_1_158' title='bbox 1368 2107 1476 2174; x_wconf 79' lang='grc' dir='ltr'><em>εἰπεῖν</em></span> <span class='ocrx_word' id='word_1_159' title='bbox 1497 2095 1552 2175; x_wconf 87' lang='grc' dir='ltr'><em>ότι</em></span> 
     </span>
     <span class='ocr_line' id='line_1_18' title="bbox 246 2199 1553 2292; baseline 0.002 -20"><span class='ocrx_word' id='word_1_160' title='bbox 246 2201 498 2291; x_wconf 81' lang='grc' dir='ltr'><em>προφητεάεται</em></span> <span class='ocrx_word' id='word_1_161' title='bbox 529 2208 638 2274; x_wconf 86' lang='grc' dir='ltr'><em>ταῦτα</em></span> <span class='ocrx_word' id='word_1_162' title='bbox 662 2209 739 2291; x_wconf 85' lang='grc' dir='ltr'><em>περὶ</em></span> <span class='ocrx_word' id='word_1_163' title='bbox 768 2207 847 2291; x_wconf 76' lang='grc' dir='ltr'><em>»τῆς</em></span> <span class='ocrx_word' id='word_1_164' title='bbox 873 2199 1008 2284; x_wconf 81' lang='grc' dir='ltr'><em>πόλεως</em></span> <span class='ocrx_word' id='word_1_165' title='bbox 1034 2199 1190 2292; x_wconf 74' lang='grc' dir='ltr'><em>ταότηςε,</em></span> <span class='ocrx_word' id='word_1_166' title='bbox 1213 2203 1250 2274; x_wconf 84' lang='grc' dir='ltr'><em>ἐν</em></span> <span class='ocrx_word' id='word_1_167' title='bbox 1277 2217 1350 2284; x_wconf 72' lang='grc' dir='ltr'><em>τοῖς</em></span> <span class='ocrx_word' id='word_1_168' title='bbox 1375 2201 1463 2274; x_wconf 87' lang='grc' dir='ltr'><em>κατά</em></span> <span class='ocrx_word' id='word_1_169' title='bbox 1489 2201 1553 2274; x_wconf 90' lang='grc' dir='ltr'><em>τόν</em></span> 
     </span>
     <span class='ocr_line' id='line_1_19' title="bbox 246 2297 1553 2393; baseline 0.001 -22"><span class='ocrx_word' id='word_1_170' title='bbox 246 2305 386 2390; x_wconf 85' lang='grc' dir='ltr'><em>σωτῆρα</em></span> <span class='ocrx_word' id='word_1_171' title='bbox 410 2297 547 2390; x_wconf 82' lang='grc' dir='ltr'><em>χρόνοις</em></span> <span class='ocrx_word' id='word_1_172' title='bbox 572 2308 825 2393; x_wconf 78' lang='grc' dir='ltr'><em>παραδοθείσης</em></span> <span class='ocrx_word' id='word_1_173' title='bbox 850 2319 924 2384; x_wconf 84' lang='grc' dir='ltr'><em>τοῖς</em></span> <span class='ocrx_word' id='word_1_174' title='bbox 948 2308 1131 2389; x_wconf 85' lang='grc' dir='ltr'><em>πολεμίοις.</em></span> <span class='ocrx_word' id='word_1_175' title='bbox 1177 2307 1234 2372; x_wconf 82' lang='grc' dir='ltr'><em>καὶ</em></span> <span class='ocrx_word' id='word_1_176' title='bbox 1256 2303 1302 2384; x_wconf 88' lang='grc' dir='ltr'><em>είς</em></span> <span class='ocrx_word' id='word_1_177' title='bbox 1324 2305 1553 2390; x_wconf 74' lang='grc' dir='ltr'><em>αἰχμαλωσίαν</em></span> 
     </span>
     <span class='ocr_line' id='line_1_20' title="bbox 247 2395 1552 2492; baseline 0.001 -20"><span class='ocrx_word' id='word_1_178' title='bbox 247 2399 504 2490; x_wconf 83' lang='grc' dir='ltr'><em>άπεληλόθασιν</em></span> <span class='ocrx_word' id='word_1_179' title='bbox 529 2403 561 2472; x_wconf 85' lang='grc' dir='ltr'><em>σί</em></span> <span class='ocrx_word' id='word_1_180' title='bbox 585 2405 652 2472; x_wconf 82' lang='grc' dir='ltr'><em>υίυί</em></span> <span class='ocrx_word' id='word_1_181' title='bbox 678 2407 739 2490; x_wconf 79' lang='grc' dir='ltr'><em>τῆς</em></span> <span class='ocrx_word' id='word_1_182' title='bbox 759 2397 970 2492; x_wconf 74' lang='grc' dir='ltr'><em>Ἰερουσαλὴμ</em></span> <span class='ocrx_word' id='word_1_183' title='bbox 995 2410 1051 2472; x_wconf 86' lang='grc' dir='ltr'><em>καὶ</em></span> <span class='ocrx_word' id='word_1_184' title='bbox 1077 2396 1273 2488; x_wconf 85' lang='grc' dir='ltr'><em>κατεσκάφη</em></span> <span class='ocrx_word' id='word_1_185' title='bbox 1296 2395 1446 2489; x_wconf 84' lang='grc' dir='ltr'><em>ἡπόλις.</em></span> <span class='ocrx_word' id='word_1_186' title='bbox 1493 2400 1552 2474; x_wconf 78' lang='grc' dir='ltr'><em>ἐάν</em></span> 
     </span>
     <span class='ocr_line' id='line_1_21' title="bbox 193 2496 1552 2591; baseline 0.007 -26"><span class='ocrx_word' id='word_1_187' title='bbox 193 2510 230 2565; x_wconf 83' lang='grc'><em>20</em></span> <span class='ocrx_word' id='word_1_188' title='bbox 247 2505 282 2570; x_wconf 82' lang='grc' dir='ltr'><em>δὲ</em></span> <span class='ocrx_word' id='word_1_189' title='bbox 308 2497 465 2589; x_wconf 76' lang='grc' dir='ltr'><em>έξετάσης</em></span> <span class='ocrx_word' id='word_1_190' title='bbox 491 2500 535 2572; x_wconf 86' lang='grc' dir='ltr'><em>τά</em></span> <span class='ocrx_word' id='word_1_191' title='bbox 561 2499 742 2591; x_wconf 82' lang='grc' dir='ltr'><em>πράγματα</em></span> <span class='ocrx_word' id='word_1_192' title='bbox 766 2509 822 2572; x_wconf 84' lang='grc' dir='ltr'><em>καὶ</em></span> <span class='ocrx_word' id='word_1_193' title='bbox 843 2496 947 2574; x_wconf 90' lang='grc' dir='ltr'><em>πόλιν</em></span> <span class='ocrx_word' id='word_1_194' title='bbox 972 2507 1098 2588; x_wconf 88' lang='grc' dir='ltr'><em>βλέπης</em></span> <span class='ocrx_word' id='word_1_195' title='bbox 1123 2498 1168 2590; x_wconf 82' lang='grc' dir='ltr'><em>μὴ</em></span> <span class='ocrx_word' id='word_1_196' title='bbox 1196 2500 1277 2583; x_wconf 78' lang='grc' dir='ltr'><em>τούς</em></span> <span class='ocrx_word' id='word_1_197' title='bbox 1304 2508 1437 2584; x_wconf 84' lang='grc' dir='ltr'><em>λίθους,</em></span> <span class='ocrx_word' id='word_1_198' title='bbox 1465 2497 1552 2574; x_wconf 86' lang='grc' dir='ltr'><em>άλλά</em></span> 
     </span>
     <span class='ocr_line' id='line_1_22' title="bbox 248 2592 1550 2691; baseline 0.001 -21"><span class='ocrx_word' id='word_1_199' title='bbox 248 2600 328 2684; x_wconf 81' lang='grc' dir='ltr'><em>τούς</em></span> <span class='ocrx_word' id='word_1_200' title='bbox 350 2597 568 2691; x_wconf 78' lang='grc' dir='ltr'><em>ἀνθρώπους,</em></span> <span class='ocrx_word' id='word_1_201' title='bbox 592 2595 668 2688; x_wconf 79' lang='grc' dir='ltr'><em>ὄφει</em></span> <span class='ocrx_word' id='word_1_202' title='bbox 689 2594 745 2672; x_wconf 85' lang='grc' dir='ltr'><em>ότι</em></span> <span class='ocrx_word' id='word_1_203' title='bbox 766 2597 904 2690; x_wconf 88' lang='grc' dir='ltr'><em>κάκείνη</em></span> <span class='ocrx_word' id='word_1_204' title='bbox 921 2592 1173 2690; x_wconf 78' lang='grc' dir='ltr'><em>ἡἹερυυσαλήμ,</em></span> <span class='ocrx_word' id='word_1_205' title='bbox 1197 2603 1230 2672; x_wconf 82' lang='grc' dir='ltr'><em>σί</em></span> <span class='ocrx_word' id='word_1_206' title='bbox 1252 2598 1443 2690; x_wconf 89' lang='grc' dir='ltr'><em>άνθρωπσι,</em></span> <span class='ocrx_word' id='word_1_207' title='bbox 1466 2629 1550 2687; x_wconf 92' lang='grc' dir='ltr'><em>παρ-</em></span> 
     </span>
     <span class='ocr_line' id='line_1_23' title="bbox 247 2697 1549 2790; baseline -0.001 -18"><span class='ocrx_word' id='word_1_208' title='bbox 247 2699 418 2789; x_wconf 86' lang='grc' dir='ltr'><em>εδόθησαν</em></span> <span class='ocrx_word' id='word_1_209' title='bbox 443 2707 506 2784; x_wconf 75' lang='grc' dir='ltr'><em>»είς</em></span> <span class='ocrx_word' id='word_1_210' title='bbox 525 2718 638 2790; x_wconf 85' lang='grc' dir='ltr'><em>χεῖρας</em></span> <span class='ocrx_word' id='word_1_211' title='bbox 659 2707 823 2785; x_wconf 88' lang='grc' dir='ltr'><em>βασιλέως</em></span> <span class='ocrx_word' id='word_1_212' title='bbox 846 2706 1072 2786; x_wconf 66' lang='grc' dir='ltr'><em>Βαβυλῶνος(</em></span> <span class='ocrx_word' id='word_1_213' title='bbox 1098 2697 1153 2770; x_wconf 86' lang='grc' dir='ltr'><em>διά</em></span> <span class='ocrx_word' id='word_1_214' title='bbox 1174 2698 1239 2788; x_wconf 81' lang='grc' dir='ltr'><em>τὴν</em></span> <span class='ocrx_word' id='word_1_215' title='bbox 1260 2701 1314 2771; x_wconf 79' lang='grc' dir='ltr'><em>έπὶ</em></span> <span class='ocrx_word' id='word_1_216' title='bbox 1337 2705 1388 2790; x_wconf 82' lang='grc' dir='ltr'><em>τῷ</em></span> <span class='ocrx_word' id='word_1_217' title='bbox 1411 2706 1549 2790; x_wconf 79' lang='grc' dir='ltr'><em>Χριστῷ</em></span> 
     </span>
     <span class='ocr_line' id='line_1_24' title="bbox 246 2791 1623 2891; baseline 0.001 -20"><span class='ocrx_word' id='word_1_218' title='bbox 246 2796 398 2885; x_wconf 83' lang='grc' dir='ltr'><em>άσέβειαν</em></span> <span class='ocrx_word' id='word_1_219' title='bbox 419 2809 475 2873; x_wconf 84' lang='grc' dir='ltr'><em>καὶ</em></span> <span class='ocrx_word' id='word_1_220' title='bbox 494 2795 671 2891; x_wconf 82' lang='grc' dir='ltr'><em>άμαρτίαν.</em></span> <span class='ocrx_word' id='word_1_221' title='bbox 705 2807 761 2871; x_wconf 86' lang='grc' dir='ltr'><em>καὶ</em></span> <span class='ocrx_word' id='word_1_222' title='bbox 783 2799 822 2871; x_wconf 82' lang='grc' dir='ltr'>σύ</span> <span class='ocrx_word' id='word_1_223' title='bbox 841 2795 1052 2888; x_wconf 74' lang='grc' dir='ltr'><em>Ἰερουσαλὴμ</em></span> <span class='ocrx_word' id='word_1_224' title='bbox 1075 2799 1106 2868; x_wconf 83' lang='grc' dir='ltr'><em>εί</em></span> <span class='ocrx_word' id='word_1_225' title='bbox 1125 2803 1194 2870; x_wconf 84' lang='grc' dir='ltr'><em>νῦν.</em></span> <span class='ocrx_word' id='word_1_226' title='bbox 1236 2799 1296 2870; x_wconf 78' lang='grc' dir='ltr'><em>ἐὰν</em></span> <span class='ocrx_word' id='word_1_227' title='bbox 1317 2791 1380 2871; x_wconf 85' lang='grc' dir='ltr'><em>οὖν</em></span> <span class='ocrx_word' id='word_1_228' title='bbox 1402 2795 1523 2890; x_wconf 79' lang='grc' dir='ltr'><em>άπειλῇ</em></span> <span class='ocrx_word' id='word_1_229' title='bbox 1542 2806 1551 2890; x_wconf 75' lang='lat' dir='ltr'><em>ll</em></span> <span class='ocrx_word' id='word_1_230' title='bbox 1573 2809 1623 2864; x_wconf 77' lang='lat'><em>‘258</em></span> 
     </span>
     <span class='ocr_line' id='line_1_25' title="bbox 246 2892 1550 2990; baseline 0.002 -20"><span class='ocrx_word' id='word_1_231' title='bbox 246 2907 290 2988; x_wconf 81' lang='grc' dir='ltr'><em>τῇ</em></span> <span class='ocrx_word' id='word_1_232' title='bbox 314 2895 524 2990; x_wconf 75' lang='grc' dir='ltr'><em>Ἰερουσαλὴμ</em></span> <span class='ocrx_word' id='word_1_233' title='bbox 555 2905 618 2972; x_wconf 86' lang='grc' dir='ltr'><em>νῦν</em></span> <span class='ocrx_word' id='word_1_234' title='bbox 644 2893 664 2970; x_wconf 84' lang='grc' dir='ltr'><em>ό</em></span> <span class='ocrx_word' id='word_1_235' title='bbox 690 2896 806 2989; x_wconf 87' lang='grc' dir='ltr'><em>λόχος,</em></span> <span class='ocrx_word' id='word_1_236' title='bbox 830 2894 1002 2988; x_wconf 85' lang='grc' dir='ltr'><em>φοβήθητι</em></span> <span class='ocrx_word' id='word_1_237' title='bbox 1032 2894 1164 2987; x_wconf 76' lang='grc' dir='ltr'><em>μήποτε</em></span> <span class='ocrx_word' id='word_1_238' title='bbox 1187 2895 1240 2983; x_wconf 81' lang='grc' dir='ltr'><em>σά,</em></span> <span class='ocrx_word' id='word_1_239' title='bbox 1262 2896 1322 2970; x_wconf 81' lang='grc' dir='ltr'><em>ἐάν</em></span> <span class='ocrx_word' id='word_1_240' title='bbox 1348 2892 1550 2988; x_wconf 83' lang='grc' dir='ltr'><em>άμαρτάνης,</em></span> 
     </span>
     <span class='ocr_line' id='line_1_26' title="bbox 192 2993 1552 3090; baseline 0.001 -20"><span class='ocrx_word' id='word_1_241' title='bbox 192 3015 229 3070; x_wconf 77' lang='lat'><em>25</em></span> <span class='ocrx_word' id='word_1_242' title='bbox 245 2994 455 3090; x_wconf 77' lang='grc' dir='ltr'><em>Ἰερουσαλὴμ</em></span> <span class='ocrx_word' id='word_1_243' title='bbox 469 3000 502 3070; x_wconf 86' lang='grc' dir='ltr'><em>εί</em></span> <span class='ocrx_word' id='word_1_244' title='bbox 518 2994 720 3090; x_wconf 90' lang='grc' dir='ltr'><em>άμαρτωλός</em></span> <span class='ocrx_word' id='word_1_245' title='bbox 741 3007 797 3071; x_wconf 90' lang='grc' dir='ltr'><em>καὶ</em></span> <span class='ocrx_word' id='word_1_246' title='bbox 818 3002 1049 3088; x_wconf 91' lang='grc' dir='ltr'><em>παραδίδοσαι,</em></span> <span class='ocrx_word' id='word_1_247' title='bbox 1071 2999 1127 3069; x_wconf 86' lang='grc' dir='ltr'><em>ίνα</em></span> <span class='ocrx_word' id='word_1_248' title='bbox 1147 3003 1264 3086; x_wconf 83' lang='grc' dir='ltr'><em>μηκέτι</em></span> <span class='ocrx_word' id='word_1_249' title='bbox 1286 3025 1325 3085; x_wconf 89' lang='grc' dir='ltr'><em>ης</em></span> <span class='ocrx_word' id='word_1_250' title='bbox 1342 2993 1552 3090; x_wconf 74' lang='grc' dir='ltr'><em>Ἰερουσαλὴμ</em></span> 
     </span>
     <span class='ocr_line' id='line_1_27' title="bbox 247 3093 1551 3188; baseline 0.002 -18"><span class='ocrx_word' id='word_1_251' title='bbox 247 3095 334 3171; x_wconf 86' lang='grc' dir='ltr'><em>άλλά</em></span> <span class='ocrx_word' id='word_1_252' title='bbox 357 3099 524 3183; x_wconf 75' lang='grc' dir='ltr'><em>Βαβυλὼν</em></span> <span class='ocrx_word' id='word_1_253' title='bbox 544 3105 619 3186; x_wconf 85' lang='grc' dir='ltr'><em>χίνη</em></span> <span class='ocrx_word' id='word_1_254' title='bbox 640 3107 696 3170; x_wconf 84' lang='grc' dir='ltr'><em>καὶ</em></span> <span class='ocrx_word' id='word_1_255' title='bbox 716 3096 891 3188; x_wconf 81' lang='grc' dir='ltr'><em>Σόγχυσις,</em></span> <span class='ocrx_word' id='word_1_256' title='bbox 913 3093 1173 3186; x_wconf 88' lang='grc' dir='ltr'><em>παραλαβόντος</em></span> <span class='ocrx_word' id='word_1_257' title='bbox 1194 3119 1231 3168; x_wconf 87' lang='grc' dir='ltr'><em>σε</em></span> <span class='ocrx_word' id='word_1_258' title='bbox 1247 3095 1551 3188; x_wconf 89' lang='grc' dir='ltr'><em>Ναβουχοδονόσσρ</em></span> 
     </span>
     <span class='ocr_line' id='line_1_28' title="bbox 246 3197 747 3282; baseline 0 -14"><span class='ocrx_word' id='word_1_259' title='bbox 246 3203 310 3270; x_wconf 85' lang='grc' dir='ltr'><em>τοῦ</em></span> <span class='ocrx_word' id='word_1_260' title='bbox 333 3197 556 3282; x_wconf 87' lang='grc' dir='ltr'><em>Βαβυλσόνων</em></span> <span class='ocrx_word' id='word_1_261' title='bbox 576 3204 747 3282; x_wconf 90' lang='grc' dir='ltr'><em>βασιλέως.</em></span> 
     </span>
     <span class='ocr_line' id='line_1_29' title="bbox 332 3291 1552 3386; baseline 0.002 -20"><span class='ocrx_word' id='word_1_262' title='bbox 332 3303 414 3368; x_wconf 79' lang='grc' dir='ltr'><em>»Καί</em></span> <span class='ocrx_word' id='word_1_263' title='bbox 429 3295 563 3381; x_wconf 88' lang='grc' dir='ltr'><em>πάντας</em></span> <span class='ocrx_word' id='word_1_264' title='bbox 578 3298 660 3381; x_wconf 84' lang='grc' dir='ltr'><em>τούς</em></span> <span class='ocrx_word' id='word_1_265' title='bbox 675 3293 821 3382; x_wconf 65' lang='grc' dir='ltr'><em>πόνους(</em></span> <span class='ocrx_word' id='word_1_266' title='bbox 838 3291 1050 3386; x_wconf 77' lang='grc' dir='ltr'><em>Ἰερουσαλὴμ</em></span> <span class='ocrx_word' id='word_1_267' title='bbox 1064 3301 1282 3384; x_wconf 88' lang='grc' dir='ltr'><em>παραδίδωσι.</em></span> <span class='ocrx_word' id='word_1_268' title='bbox 1310 3303 1386 3380; x_wconf 83' lang='grc' dir='ltr'><em>πῶς</em></span> <span class='ocrx_word' id='word_1_269' title='bbox 1402 3293 1552 3380; x_wconf 74' lang='grc' dir='ltr'><em>»πάντας</em></span> 
     </span>
     <span class='ocr_line' id='line_1_30' title="bbox 246 3391 1551 3488; baseline 0.001 -21"><span class='ocrx_word' id='word_1_270' title='bbox 246 3397 327 3479; x_wconf 86' lang='grc' dir='ltr'><em>τούς</em></span> <span class='ocrx_word' id='word_1_271' title='bbox 354 3393 500 3480; x_wconf 65' lang='grc' dir='ltr'><em>πόνους(</em></span> <span class='ocrx_word' id='word_1_272' title='bbox 529 3404 775 3488; x_wconf 87' lang='grc' dir='ltr'><em>παραδίδωσιν;</em></span> <span class='ocrx_word' id='word_1_273' title='bbox 817 3397 877 3469; x_wconf 78' lang='grc' dir='ltr'><em>ἐὰν</em></span> <span class='ocrx_word' id='word_1_274' title='bbox 901 3394 986 3485; x_wconf 83' lang='grc' dir='ltr'><em>μετά</em></span> <span class='ocrx_word' id='word_1_275' title='bbox 1011 3393 1050 3466; x_wconf 90' lang='grc' dir='ltr'><em>τό</em></span> <span class='ocrx_word' id='word_1_276' title='bbox 1073 3391 1220 3483; x_wconf 81' lang='grc' dir='ltr'><em>άθλῆσαι</em></span> <span class='ocrx_word' id='word_1_277' title='bbox 1240 3403 1297 3466; x_wconf 86' lang='grc' dir='ltr'><em>καὶ</em></span> <span class='ocrx_word' id='word_1_278' title='bbox 1319 3392 1551 3486; x_wconf 87' lang='grc' dir='ltr'><em>άχωνίσασθαι</em></span> 
     </span>
     <span class='ocr_line' id='line_1_31' title="bbox 195 3491 1551 3586; baseline 0.001 -20"><span class='ocrx_word' id='word_1_279' title='bbox 195 3511 229 3566; x_wconf 84' lang='grc'><em>30</em></span> <span class='ocrx_word' id='word_1_280' title='bbox 244 3503 440 3584; x_wconf 86' lang='grc' dir='ltr'><em>παραπέσης</em></span> <span class='ocrx_word' id='word_1_281' title='bbox 470 3503 526 3568; x_wconf 84' lang='grc' dir='ltr'><em>καὶ</em></span> <span class='ocrx_word' id='word_1_282' title='bbox 554 3493 718 3586; x_wconf 87' lang='grc' dir='ltr'><em>άμάρτης,</em></span> <span class='ocrx_word' id='word_1_283' title='bbox 748 3494 876 3579; x_wconf 88' lang='grc' dir='ltr'><em>πάντες</em></span> <span class='ocrx_word' id='word_1_284' title='bbox 906 3498 938 3568; x_wconf 89' lang='grc' dir='ltr'><em>σί</em></span> <span class='ocrx_word' id='word_1_285' title='bbox 968 3491 1072 3568; x_wconf 91' lang='grc' dir='ltr'><em>πόνοι</em></span> <span class='ocrx_word' id='word_1_286' title='bbox 1098 3517 1160 3567; x_wconf 91' lang='grc' dir='ltr'><em>σου</em></span> <span class='ocrx_word' id='word_1_287' title='bbox 1185 3493 1391 3584; x_wconf 82' lang='grc' dir='ltr'><em>ἐληλύθασιν</em></span> <span class='ocrx_word' id='word_1_288' title='bbox 1417 3502 1464 3578; x_wconf 87' lang='grc' dir='ltr'><em>είς</em></span> <span class='ocrx_word' id='word_1_289' title='bbox 1490 3495 1551 3579; x_wconf 85' lang='grc' dir='ltr'><em>τὰς</em></span> 
     </span>
     <span class='ocr_line' id='line_1_32' title="bbox 159 3589 1550 3685; baseline 0.002 -22"><span class='ocrx_word' id='word_1_290' title='bbox 159 3595 694 3685; x_wconf 65' lang='grc' dir='ltr'><em>3101χε1ζραςΝαβουχοδονόσσρ.</em></span> <span class='ocrx_word' id='word_1_291' title='bbox 730 3603 805 3680; x_wconf 81' lang='grc' dir='ltr'><em>πῶς</em></span> <span class='ocrx_word' id='word_1_292' title='bbox 827 3592 955 3678; x_wconf 89' lang='grc' dir='ltr'><em>πάντες</em></span> <span class='ocrx_word' id='word_1_293' title='bbox 977 3598 1009 3667; x_wconf 86' lang='grc' dir='ltr'><em>σί</em></span> <span class='ocrx_word' id='word_1_294' title='bbox 1029 3589 1133 3666; x_wconf 89' lang='grc' dir='ltr'><em>πόνοι</em></span> <span class='ocrx_word' id='word_1_295' title='bbox 1155 3615 1233 3678; x_wconf 90' lang='grc' dir='ltr'><em>σου;</em></span> <span class='ocrx_word' id='word_1_296' title='bbox 1268 3591 1467 3684; x_wconf 83' lang='grc' dir='ltr'><em>λεχθήσεταί</em></span> <span class='ocrx_word' id='word_1_297' title='bbox 1487 3621 1550 3680; x_wconf 79' lang='grc' dir='ltr'><em>σοι,</em></span> 
     </span>
    </p>
   </div>
   <div class='ocr_carea' id='block_1_3' title="bbox 244 3811 1551 4307">
    <p class='ocr_par' dir='ltr' id='par_1_3' title="bbox 244 3811 1551 4307">
     <span class='ocr_line' id='line_1_33' title="bbox 332 3811 1549 3885; baseline -0.005 -15"><span class='ocrx_word' id='word_1_298' title='bbox 332 3815 387 3871; x_wconf 77' lang='grc'><em>111.</em></span> <span class='ocrx_word' id='word_1_299' title='bbox 406 3815 469 3885; x_wconf 83' lang='lat' dir='ltr'><strong>Vgl.</strong></span> <span class='ocrx_word' id='word_1_300' title='bbox 488 3814 629 3879; x_wconf 76' lang='lat' dir='ltr'>s.3,15fl.</span> <span class='ocrx_word' id='word_1_301' title='bbox 648 3847 681 3856; x_wconf 93' lang='lat'>-</span> <span class='ocrx_word' id='word_1_302' title='bbox 700 3811 1549 3885; x_wconf 69' lang='lat' dir='ltr'><strong>4vglPsa1.8‚3.-ovgl.1&#39;1l·m.1‚2011.11Tim,1‚15.</strong></span> 
     </span>
     <span class='ocr_line' id='line_1_34' title="bbox 246 3895 1549 3968; baseline -0.002 -14"><span class='ocrx_word' id='word_1_303' title='bbox 246 3899 355 3954; x_wconf 77' lang='lat' dir='ltr'><strong>llbenso</strong></span> <span class='ocrx_word' id='word_1_304' title='bbox 375 3899 454 3955; x_wconf 90' lang='lat' dir='ltr'><strong>Hom.</strong></span> <span class='ocrx_word' id='word_1_305' title='bbox 473 3901 513 3964; x_wconf 86' lang='grc'><em>19,</em></span> <span class='ocrx_word' id='word_1_306' title='bbox 531 3901 548 3956; x_wconf 88' lang='grc'><strong>3</strong></span> <span class='ocrx_word' id='word_1_307' title='bbox 564 3901 594 3954; x_wconf 89' lang='lat' dir='ltr'><em>in</em></span> <span class='ocrx_word' id='word_1_308' title='bbox 611 3899 691 3956; x_wconf 70' lang='lat' dir='ltr'><em>Num</em></span> <span class='ocrx_word' id='word_1_309' title='bbox 709 3900 759 3968; x_wconf 85' lang='lat' dir='ltr'><em>(Lo</em></span> <span class='ocrx_word' id='word_1_310' title='bbox 777 3902 817 3968; x_wconf 91' lang='lat'><em>10,</em></span> <span class='ocrx_word' id='word_1_311' title='bbox 835 3901 907 3968; x_wconf 77' lang='lat' dir='ltr'><strong>238l:</strong></span> <span class='ocrx_word' id='word_1_312' title='bbox 927 3897 998 3952; x_wconf 71' lang='lat' dir='ltr'><strong>sieut</strong></span> <span class='ocrx_word' id='word_1_313' title='bbox 1013 3895 1165 3967; x_wconf 72' lang='lat' dir='ltr'><strong>Phygellus</strong></span> <span class='ocrx_word' id='word_1_314' title='bbox 1182 3900 1211 3952; x_wconf 75' lang='lat' dir='ltr'><em>et</em></span> <span class='ocrx_word' id='word_1_315' title='bbox 1227 3897 1421 3968; x_wconf 76' lang='lat' dir='ltr'><strong>Hermogenes,</strong></span> <span class='ocrx_word' id='word_1_316' title='bbox 1440 3897 1474 3952; x_wconf 83' lang='lat' dir='ltr'><em>de</em></span> <span class='ocrx_word' id='word_1_317' title='bbox 1492 3899 1549 3967; x_wconf 85' lang='lat' dir='ltr'><strong>qui·</strong></span> 
     </span>
     <span class='ocr_line' id='line_1_35' title="bbox 245 3980 1549 4054; baseline -0.002 -16"><span class='ocrx_word' id='word_1_318' title='bbox 245 3984 296 4038; x_wconf 80' lang='lat' dir='ltr'><em>bus</em></span> <span class='ocrx_word' id='word_1_319' title='bbox 322 3982 424 4039; x_wconf 74' lang='lat' dir='ltr'><strong>Paulus</strong></span> <span class='ocrx_word' id='word_1_320' title='bbox 450 3983 530 4038; x_wconf 73' lang='lat' dir='ltr'>dicit:</span> <span class='ocrx_word' id='word_1_321' title='bbox 562 4001 645 4054; x_wconf 79' lang='lat' dir='ltr'><strong>»quos</strong></span> <span class='ocrx_word' id='word_1_322' title='bbox 670 3983 785 4049; x_wconf 72' lang='lat' dir='ltr'>tradidi,</span> <span class='ocrx_word' id='word_1_323' title='bbox 812 3984 914 4054; x_wconf 79' lang='lat' dir='ltr'>inquit,</span> <span class='ocrx_word' id='word_1_324' title='bbox 932 3983 1064 4048; x_wconf 67' lang='lat' dir='ltr'><em>Satanae,</em></span> <span class='ocrx_word' id='word_1_325' title='bbox 1087 3984 1120 4036; x_wconf 80' lang='lat' dir='ltr'><em>ul</em></span> <span class='ocrx_word' id='word_1_326' title='bbox 1136 3980 1245 4036; x_wconf 72' lang='lat' dir='ltr'><strong>discant</strong></span> <span class='ocrx_word' id='word_1_327' title='bbox 1261 3999 1318 4036; x_wconf 88' lang='lat' dir='ltr'><em>non</em></span> <span class='ocrx_word' id='word_1_328' title='bbox 1335 3981 1549 4052; x_wconf 76' lang='lat' dir='ltr'><strong>blasphemare«.</strong></span> 
     </span>
     <span class='ocr_line' id='line_1_36' title="bbox 246 4061 1551 4139; baseline -0.001 -18"><span class='ocrx_word' id='word_1_329' title='bbox 246 4067 310 4139; x_wconf 80' lang='lat' dir='ltr'><strong>Vgl.</strong></span> <span class='ocrx_word' id='word_1_330' title='bbox 329 4070 400 4123; x_wconf 75' lang='lat' dir='ltr'><strong>auch</strong></span> <span class='ocrx_word' id='word_1_331' title='bbox 423 4067 526 4125; x_wconf 87' lang='lat' dir='ltr'>Comm.</span> <span class='ocrx_word' id='word_1_332' title='bbox 548 4067 578 4122; x_wconf 87' lang='lat' dir='ltr'><em>in</em></span> <span class='ocrx_word' id='word_1_333' title='bbox 600 4068 687 4125; x_wconf 83' lang='lat' dir='ltr'>Exod.</span> <span class='ocrx_word' id='word_1_334' title='bbox 706 4070 746 4132; x_wconf 89' lang='lat'><em>10,</em></span> <span class='ocrx_word' id='word_1_335' title='bbox 764 4070 797 4124; x_wconf 78' lang='lat'><em>27</em></span> <span class='ocrx_word' id='word_1_336' title='bbox 820 4068 935 4136; x_wconf 77' lang='lat' dir='ltr'>(Phfloc.</span> <span class='ocrx_word' id='word_1_337' title='bbox 954 4083 977 4121; x_wconf 86' lang='grc' dir='ltr'><em>υ.</em></span> <span class='ocrx_word' id='word_1_338' title='bbox 994 4067 1027 4120; x_wconf 84' lang='grc'><em>27</em></span> <span class='ocrx_word' id='word_1_339' title='bbox 1051 4066 1262 4134; x_wconf 77' lang='grc' dir='ltr'><em>Βο201,611.)ε</em></span> <span class='ocrx_word' id='word_1_340' title='bbox 1292 4061 1363 4121; x_wconf 81' lang='grc' dir='ltr'><em>ἀλλὰ</em></span> <span class='ocrx_word' id='word_1_341' title='bbox 1385 4066 1435 4120; x_wconf 87' lang='grc' dir='ltr'><em>καί</em></span> <span class='ocrx_word' id='word_1_342' title='bbox 1453 4067 1551 4134; x_wconf 87' lang='grc' dir='ltr'><em>Δημᾶς</em></span> 
     </span>
     <span class='ocr_line' id='line_1_37' title="bbox 244 4144 1549 4227; baseline -0.002 -21"><span class='ocrx_word' id='word_1_343' title='bbox 244 4153 294 4207; x_wconf 84' lang='grc' dir='ltr'><em>καί</em></span> <span class='ocrx_word' id='word_1_344' title='bbox 314 4144 499 4224; x_wconf 80' lang='grc' dir='ltr'><em>Ἑρμογένης,</em></span> <span class='ocrx_word' id='word_1_345' title='bbox 526 4147 576 4218; x_wconf 74' lang='grc' dir='ltr'><em>οὓς</em></span> <span class='ocrx_word' id='word_1_346' title='bbox 597 4153 745 4226; x_wconf 84' lang='grc' dir='ltr'><em>παρέδωκε</em></span> <span class='ocrx_word' id='word_1_347' title='bbox 766 4157 806 4226; x_wconf 82' lang='grc' dir='ltr'><em>τῷ</em></span> <span class='ocrx_word' id='word_1_348' title='bbox 824 4153 943 4227; x_wconf 84' lang='grc' dir='ltr'><em>Σατανᾷ</em></span> <span class='ocrx_word' id='word_1_349' title='bbox 965 4155 1023 4206; x_wconf 85' lang='grc' dir='ltr'><em>κτλ.</em></span> <span class='ocrx_word' id='word_1_350' title='bbox 1042 4150 1108 4222; x_wconf 81' lang='lat' dir='ltr'><strong>(vgl.</strong></span> <span class='ocrx_word' id='word_1_351' title='bbox 1127 4150 1153 4204; x_wconf 91' lang='lat'><em>11</em></span> <span class='ocrx_word' id='word_1_352' title='bbox 1168 4149 1238 4204; x_wconf 77' lang='lat' dir='ltr'><strong>Tim.</strong></span> <span class='ocrx_word' id='word_1_353' title='bbox 1255 4153 1279 4217; x_wconf 81' lang='lat'><em>4,</em></span> <span class='ocrx_word' id='word_1_354' title='bbox 1299 4149 1349 4216; x_wconf 92' lang='grc'>10).</span> <span class='ocrx_word' id='word_1_355' title='bbox 1369 4179 1401 4189; x_wconf 93' lang='grc'>-</span> <span class='ocrx_word' id='word_1_356' title='bbox 1422 4151 1436 4206; x_wconf 80' lang='lat' dir='ltr'><strong>l</strong></span> <span class='ocrx_word' id='word_1_357' title='bbox 1457 4151 1469 4203; x_wconf 93' lang='grc' dir='ltr'>Ι</span> <span class='ocrx_word' id='word_1_358' title='bbox 1485 4151 1549 4204; x_wconf 81' lang='lat' dir='ltr'>Kor.</span> 
     </span>
     <span class='ocr_line' id='line_1_38' title="bbox 246 4234 1135 4307; baseline -0.004 -15"><span class='ocrx_word' id='word_1_359' title='bbox 246 4239 269 4305; x_wconf 81' lang='lat'><em>5,</em></span> <span class='ocrx_word' id='word_1_360' title='bbox 287 4239 311 4290; x_wconf 84' lang='lat'><em>4.</em></span> <span class='ocrx_word' id='word_1_361' title='bbox 330 4239 353 4292; x_wconf 89' lang='grc'><em>3.</em></span> <span class='ocrx_word' id='word_1_362' title='bbox 372 4241 396 4294; x_wconf 79' lang='grc'><em>5.</em></span> <span class='ocrx_word' id='word_1_363' title='bbox 414 4267 447 4278; x_wconf 92' lang='grc'><strong>-</strong></span> <span class='ocrx_word' id='word_1_364' title='bbox 467 4237 504 4294; x_wconf 95' lang='grc'><em>11</em></span> <span class='ocrx_word' id='word_1_365' title='bbox 524 4237 587 4307; x_wconf 83' lang='lat' dir='ltr'><em>Vgl</em></span> <span class='ocrx_word' id='word_1_366' title='bbox 605 4237 631 4293; x_wconf 85' lang='lat' dir='ltr'><em>S.</em></span> <span class='ocrx_word' id='word_1_367' title='bbox 650 4238 708 4302; x_wconf 82' lang='grc'><em>170,</em></span> <span class='ocrx_word' id='word_1_368' title='bbox 725 4239 767 4292; x_wconf 88' lang='grc'><em>21.</em></span> <span class='ocrx_word' id='word_1_369' title='bbox 787 4265 818 4277; x_wconf 92' lang='lat'>-</span> <span class='ocrx_word' id='word_1_370' title='bbox 836 4237 873 4293; x_wconf 72' lang='grc'><em>20</em></span> <span class='ocrx_word' id='word_1_371' title='bbox 891 4235 954 4306; x_wconf 77' lang='lat' dir='ltr'><strong>Vgl.</strong></span> <span class='ocrx_word' id='word_1_372' title='bbox 973 4236 998 4290; x_wconf 87' lang='lat' dir='ltr'><em>S.</em></span> <span class='ocrx_word' id='word_1_373' title='bbox 1018 4235 1076 4296; x_wconf 86' lang='grc'><em>170.</em></span> <span class='ocrx_word' id='word_1_374' title='bbox 1094 4234 1135 4289; x_wconf 84' lang='grc'><em>19.</em></span> 
     </span>
    </p>
   </div>
   <div class='ocr_carea' id='block_1_4' title="bbox 243 4429 1550 4678">
    <p class='ocr_par' dir='ltr' id='par_1_4' title="bbox 243 4429 1550 4678">
     <span class='ocr_line' id='line_1_39' title="bbox 329 4429 1549 4508; baseline -0.005 -16"><span class='ocrx_word' id='word_1_375' title='bbox 329 4437 348 4493; x_wconf 86' lang='grc'>0</span> <span class='ocrx_word' id='word_1_376' title='bbox 366 4430 540 4508; x_wconf 78' lang='grc' dir='ltr'><em>ίρμογένους</em></span> <span class='ocrx_word' id='word_1_377' title='bbox 557 4435 582 4490; x_wconf 82' lang='lat' dir='ltr'>V</span> <span class='ocrx_word' id='word_1_378' title='bbox 605 4440 609 4501; x_wconf 95' lang='grc' dir='ltr'>Ι</span> <span class='ocrx_word' id='word_1_379' title='bbox 627 4437 663 4493; x_wconf 93' lang='grc'><em>11</em></span> <span class='ocrx_word' id='word_1_380' title='bbox 687 4433 714 4505; x_wconf 73' lang='grc' dir='ltr'><em>ἡ]</em></span> <span class='ocrx_word' id='word_1_381' title='bbox 737 4439 782 4503; x_wconf 78' lang='grc' dir='ltr'><em>τῆι</em></span> <span class='ocrx_word' id='word_1_382' title='bbox 799 4435 817 4489; x_wconf 86' lang='lat' dir='ltr'>S</span> <span class='ocrx_word' id='word_1_383' title='bbox 836 4437 841 4504; x_wconf 86' lang='grc'><em>1</em></span> <span class='ocrx_word' id='word_1_384' title='bbox 862 4435 900 4492; x_wconf 74' lang='lat'><em>12</em></span> <span class='ocrx_word' id='word_1_385' title='bbox 924 4435 981 4504; x_wconf 81' lang='grc' dir='ltr'><em>τῆς]</em></span> <span class='ocrx_word' id='word_1_386' title='bbox 1004 4432 1163 4504; x_wconf 73' lang='lat' dir='ltr'><strong>llbergoech.</strong></span> <span class='ocrx_word' id='word_1_387' title='bbox 1181 4431 1270 4496; x_wconf 63' lang='lat' dir='ltr'><em>Sem,</em></span> <span class='ocrx_word' id='word_1_388' title='bbox 1289 4449 1313 4486; x_wconf 78' lang='lat' dir='ltr'><em>a.</em></span> <span class='ocrx_word' id='word_1_389' title='bbox 1326 4431 1357 4486; x_wconf 74' lang='grc' dir='ltr'><em>Β.</em></span> <span class='ocrx_word' id='word_1_390' title='bbox 1376 4429 1549 4498; x_wconf 60' lang='grc' dir='ltr'><em>11114εο-</em></span> 
     </span>
     <span class='ocr_line' id='line_1_40' title="bbox 243 4507 1550 4592; baseline -0.005 -16"><span class='ocrx_word' id='word_1_391' title='bbox 243 4519 325 4592; x_wconf 85' lang='grc' dir='ltr'><em>χερές</em></span> <span class='ocrx_word' id='word_1_392' title='bbox 351 4521 395 4575; x_wconf 87' lang='lat' dir='ltr'><em>Gh</em></span> <span class='ocrx_word' id='word_1_393' title='bbox 421 4521 477 4592; x_wconf 79' lang='lat' dir='ltr'><strong>vgl.</strong></span> <span class='ocrx_word' id='word_1_394' title='bbox 496 4522 522 4575; x_wconf 84' lang='lat' dir='ltr'><em>Z.</em></span> <span class='ocrx_word' id='word_1_395' title='bbox 535 4523 568 4577; x_wconf 88' lang='grc'><em>10</em></span> <span class='ocrx_word' id='word_1_396' title='bbox 586 4517 743 4592; x_wconf 73' lang='grc' dir='ltr'><em>είνχερῶςθ</em></span> <span class='ocrx_word' id='word_1_397' title='bbox 769 4521 774 4586; x_wconf 83' lang='grc' dir='ltr'>Ι</span> <span class='ocrx_word' id='word_1_398' title='bbox 801 4520 838 4576; x_wconf 76' lang='lat'><em>21</em></span> <span class='ocrx_word' id='word_1_399' title='bbox 857 4517 874 4589; x_wconf 79' lang='grc' dir='ltr'><em>ἡ</em></span> <span class='ocrx_word' id='word_1_400' title='bbox 893 4521 1037 4591; x_wconf 79' lang='grc' dir='ltr'><em>εροσαλημ</em></span> <span class='ocrx_word' id='word_1_401' title='bbox 1056 4518 1088 4572; x_wconf 79' lang='lat' dir='ltr'><em>S*</em></span> <span class='ocrx_word' id='word_1_402' title='bbox 1107 4516 1124 4586; x_wconf 77' lang='grc' dir='ltr'><em>ἡ</em></span> <span class='ocrx_word' id='word_1_403' title='bbox 1143 4518 1314 4588; x_wconf 80' lang='grc' dir='ltr'><em>ιεραυοαλὴμ</em></span> <span class='ocrx_word' id='word_1_404' title='bbox 1332 4515 1362 4569; x_wconf 80' lang='lat'><em>8¹</em></span> <span class='ocrx_word' id='word_1_405' title='bbox 1381 4517 1386 4582; x_wconf 83' lang='grc' dir='ltr'>Ι</span> <span class='ocrx_word' id='word_1_406' title='bbox 1407 4514 1445 4571; x_wconf 74' lang='grc'><em>20</em></span> <span class='ocrx_word' id='word_1_407' title='bbox 1469 4509 1504 4585; x_wconf 82' lang='grc' dir='ltr'><em>εί]</em></span> <span class='ocrx_word' id='word_1_408' title='bbox 1517 4507 1550 4586; x_wconf 69' lang='grc' dir='ltr'><em>ἃς</em></span> 
     </span>
     <span class='ocr_line' id='line_1_41' title="bbox 245 4597 1522 4678; baseline -0.004 -19"><span class='ocrx_word' id='word_1_409' title='bbox 245 4605 321 4674; x_wconf 75' lang='grc' dir='ltr'><em>01η</em></span> <span class='ocrx_word' id='word_1_410' title='bbox 340 4605 357 4658; x_wconf 89' lang='lat' dir='ltr'>S</span> <span class='ocrx_word' id='word_1_411' title='bbox 373 4606 377 4674; x_wconf 76' lang='lat' dir='ltr'><strong>l</strong></span> <span class='ocrx_word' id='word_1_412' title='bbox 393 4606 430 4661; x_wconf 77' lang='lat'><em>27</em></span> <span class='ocrx_word' id='word_1_413' title='bbox 451 4606 640 4678; x_wconf 85' lang='grc' dir='ltr'><em>Βαβυλωνίαν</em></span> <span class='ocrx_word' id='word_1_414' title='bbox 658 4605 703 4659; x_wconf 82' lang='grc' dir='ltr'><em>Ηυ</em></span> <span class='ocrx_word' id='word_1_415' title='bbox 717 4605 722 4672; x_wconf 84' lang='lat' dir='ltr'><strong>l</strong></span> <span class='ocrx_word' id='word_1_416' title='bbox 737 4604 775 4660; x_wconf 78' lang='lat'><em>81</em></span> <span class='ocrx_word' id='word_1_417' title='bbox 794 4604 972 4675; x_wconf 80' lang='grc' dir='ltr'><em>λεχθήσεταί]</em></span> <span class='ocrx_word' id='word_1_418' title='bbox 991 4599 1184 4672; x_wconf 83' lang='grc' dir='ltr'><em>ἀπεχθήσεταί</em></span> <span class='ocrx_word' id='word_1_419' title='bbox 1202 4601 1240 4657; x_wconf 76' lang='lat' dir='ltr'><em>(lo</em></span> <span class='ocrx_word' id='word_1_420' title='bbox 1257 4597 1454 4671; x_wconf 78' lang='grc' dir='ltr'><em>ἀπηχθησεταί</em></span> <span class='ocrx_word' id='word_1_421' title='bbox 1471 4601 1522 4658; x_wconf 84' lang='grc' dir='ltr'><em>Βα.</em></span> 
     </span>
    </p>
   </div>
   <div class='ocr_carea' id='block_1_5' title="bbox 0 0 1852 5542">
    <p class='ocr_par' dir='ltr' id='par_1_5' title="bbox 0 0 1852 5542">
     <span class='ocr_line' id='line_1_42' title="bbox 0 0 1852 5542; baseline 0 1"><span class='ocrx_word' id='word_1_422' title='bbox 0 0 1852 5542; x_wconf 95' lang='lat' dir='ltr'><em> </em></span> 
     </span>
    </p>
   </div>
  </div>
 </body>
</html>
