3694 5542
656 487 776 544 Homilie
793 487 866 544 XIX.
899 487 999 544 Jerem.
1016 488 1057 554 20,
1077 490 1150 542 1-7.

248 655 416 744 ψεύδεται,
439 650 729 744 ψευδοπροφήτης
749 657 819 724 έστί
840 651 1135 740 καταψευδόμενος
1157 659 1231 723 τῶν
1250 649 1366 740 λόγων
1381 655 1455 720 τῶν
1469 678 1553 740 προ-

249 783 415 847 φητικων.

331 859 404 944 (18,)
423 867 468 925 15.
496 861 561 924 Καὶ
576 851 617 942 δή
640 859 833 924 τετέλεσται
854 846 876 940 ἦ
896 859 955 938 μία
976 847 1156 942 περικοπή,
1178 846 1242 939 ήδη
1265 856 1377 922 δὲκαὶ
1400 855 1460 939 τῆς
1482 855 1555 920 δευ-

250 962 348 1044 τέρας
379 952 572 1042 ἀρξώμεθα·
602 959 659 1024 καί
688 951 751 1041 γὰρ
778 953 843 1039 έχει
868 947 1050 1040 πράγματα
1078 946 1207 1031 εύθέως
1233 945 1301 1022 άπὸ
1328 955 1389 1040 τῆς
1415 949 1555 1038 πρώτης

215 1072 232 1125 5
250 1061 373 1142 λέξεως
400 1049 440 1125 ού
466 1051 511 1123 τὰ
536 1049 694 1140 τυχόντα.
740 1059 797 1122 καί
818 1058 1044 1139 προσέχοντες
1065 1058 1108 1139 τῆ
1131 1056 1217 1134 λέξει
1237 1046 1343 1121 πάλιν
1365 1046 1556 1138 αἰτήσομεν

250 1152 347 1245 ήκειν
367 1152 431 1224 τόν
452 1148 591 1240 Ἰησοῦν,
617 1157 673 1222 καὶ
697 1148 966 1239 ἐπιφανέστερον
988 1179 1024 1239 γε
1045 1157 1101 1220 καί
1123 1146 1361 1240 λαμπρότερον
1381 1146 1477 1238 ήκειν
1499 1143 1556 1220 αῦ-

251 1252 315 1327 τόν
329 1257 589 1342 παρακαλῶμεν,
611 1251 668 1322 ίνα
682 1251 800 1326 έλθιόν
815 1249 932 1339 διδάξῃ
946 1247 1078 1333 πάντας
1093 1245 1186 1340 ἡμᾶς,
1205 1247 1357 1339 πότερον
1372 1245 1556 1338 άληθεύων

252 1357 365 1444 ’έλεγεν
381 1347 399 1424 ό
414 1347 604 1442 προφήτης,
629 1347 677 1431 (ῦς
697 1357 819 1441 πρέπει
834 1369 927 1426 νοεῖν
941 1358 1018 1438 περὶ
1032 1346 1228 1440 προφήτου,
1251 1348 1295 1420 τὰ
1310 1351 1384 1439 ἑξῆς
1398 1344 1420 1438 ή
1435 1345 1556 1436 ψευδό-

167 1475 234 1529 311v
251 1483 362 1545 μενος,
385 1446 461 1523 ῦού
482 1449 635 1540 θεῐμιτὸν
657 1452 768 1535 λέγειν
788 1456 865 1536 περὶ
887 1446 1071 1539 προφήτου
1092 1445 1198 1538 άγίου.
1233 1455 1320 1538 λέγει
1342 1455 1378 1520 δὲ
1392 1447 1479 1538 πρός
1494 1444 1556 1520 τόν

200 1573 234 1628 10
252 1550 348 1626 θεόν·
374 1546 567 1642 ιῆπάτησάς
587 1577 637 1639 με,
658 1546 760 1638 κύριε,
783 1556 838 1620 καί
860 1546 1056 1640 ῆπατήθην,
1078 1546 1263 1639 ἐκράτησας
1281 1555 1336 1618 καί
1351 1543 1556 1637 ήδυνάσθης·

252 1649 415 1744 ἐγενόμην
441 1655 488 1732 εἰς
513 1656 663 1737 γέλωτα,
689 1653 802 1720 πᾶσαν
829 1648 895 1740 τήν
922 1642 1048 1739 ἡμέραν
1070 1653 1238 1720 διετέλεσα
1259 1643 1557 1738 μυκτηριζόμενος·

253 1747 308 1825 ότι
334 1756 446 1840 πικρῷ
473 1743 566 1836 λόγῳ
593 1776 660 1837 μου
681 1744 878 1836 γελάσομαι,
906 1745 1049 1821 άθεσίαν
1070 1754 1126 1820 καί
1149 1757 1384 1836 ταλαιπωρίαν
1405 1751 1558 1820 ἐπικαλέ-

253 1876 362 1942 σομαι·
386 1843 441 1922 ότι
461 1844 608 1936 ἐγενήθη
625 1840 644 1918 δ
660 1841 763 1935 λόγος
784 1853 905 1938 κυρίου
927 1851 974 1931 εἰς
997 1843 1188 1938 ὀνειδισμὸν
1209 1852 1281 1936 ἐμοὶ
1301 1856 1358 1919 καί
1371 1846 1559 1936 χλευασμὸν

253 1959 367 2025 πᾶσαν
393 1945 527 2038 ἡμέραν.
572 1952 628 2018 καί
654 1945 745 2018 είπα·
772 1943 814 2018 ού
840 1945 884 2036 μή
908 1941 1068 2036 όνομάσω
1092 1945 1133 2020 τό
1155 1940 1264 2036 όνομα
1284 1956 1415 2038 κυρίου,
1440 1952 1497 2018 καὶ
1519 1941 1560 2019 ού

203 2070 235 2124 15
253 2050 297 2141 μή
320 2046 459 2138 λαλήσω
481 2049 532 2118 ἔτι
553 2051 607 2118 έπί
629 2051 681 2136 τῷ
704 2041 847 2133 όνόματι
870 2043 986 2118 αὐτοῦ.
1020 2053 1076 2118 καὶ
1098 2051 1231 2136 ἐγένετο
1246 2051 1283 2120 έν
1301 2055 1344 2137 τῆ
1359 2053 1479 2139 καρδίᾳ
1493 2075 1560 2137 μου

255 2149 303 2234 σός
324 2155 392 2238 πῦρ
413 2142 625 2236 φλεγόμενον
639 2163 739 2217 καίον
754 2149 791 2217 έν
806 2163 881 2229 τοῖς
897 2140 1028 2230 ὀστέοις
1042 2173 1116 2236 μου,
1138 2154 1195 2218 καὶ
1207 2165 1366 2238 παρεῖμαι
1380 2143 1560 2220 πάντοθεν

253 2257 308 2322 καὶ
331 2245 372 2322 ού
394 2246 537 2336 δύναμαι
559 2252 689 2335 φέρειν,
713 2237 768 2316 ότι
788 2241 920 2336 ήκουσα
942 2241 1054 2334 ψόγον
1075 2253 1219 2318 πολλῶν
1240 2253 1561 2336 συναθροιζομένων

255 2345 455 2430 κυκλόθενι,
481 2353 537 2418 καί
567 2344 780 2435 »λεγόντωνι
805 2343 982 2432 δηλονότι·
1008 2343 1236 2433 »έπισύστητε
1257 2353 1314 2416 καί
1331 2349 1561 2436 έπισυστῶμεν

255 2445 350 2538 αύτῷ
381 2444 501 2536 ἄνδρες
531 2453 625 2534 φίλοι
656 2440 775 2516 αῦτοῦ·
806 2441 976 2534 τηρήσατε
1006 2444 1071 2534 τήν
1102 2447 1258 2517 ἐπίνοιαν
1288 2441 1395 2516 αύτοῦ
1424 2450 1452 2515 εί
1477 2442 1562 2517 άπα-

204 2565 238 2621 20
255 2544 455 2637 τηθήσεται,
477 2551 533 2616 καὶ
555 2541 770 2635 δυνησόμεθα
791 2539 965 2633 αὐτῷκαὶ
987 2542 1169 2634 ληψόμεθα
1190 2541 1256 2632 τήν
1277 2548 1443 2630 ἐκδίκησιν
1465 2538 1562 2632 ήμῶν

257 2653 291 2734 ἐξ
316 2642 452 2717 αύτοῦι.
500 2641 586 2717 άλλά
608 2651 717 2716 ταῦτα
739 2647 882 2715 ἐκείνων
903 2639 1079 2733 λεγόντων
1102 2650 1204 2732 φησίν
1222 2637 1242 2713 ό
1263 2639 1460 2733 προφήτης·
1489 2649 1562 2714 »καί

256 2745 371 2836 κύριος
392 2739 462 2834 μετ’
485 2749 566 2833 ἐμοῦ
585 2743 706 2825 καθώς
726 2742 879 2831 μαχητὴς
900 2739 1038 2830 ἰσχύων·
1062 2741 1117 2813 διό
1131 2747 1238 2815 τοῦτο
1254 2745 1397 2828 ἐδίωξαν
1412 2749 1467 2813 καί
1483 2747 1561 2831 νοῆ-

257 2869 312 2918 σαι
334 2841 396 2918 ούκ
417 2839 602 2933 ἠδύναντο·
624 2840 841 2932 ᾐσχύνθησαν
863 2838 1001 2930 σφόδρα,
1025 2835 1080 2913 ότι
1102 2838 1165 2914 ούκ
1186 2838 1331 2931 ἐνόησαν
1353 2837 1485 2930 άτιμίας
1507 2839 1563 2913 αύ-

258 2951 341 3029 τῶν,
362 2948 396 3014 αἳ
417 2938 458 3014 δι’
481 2948 607 3026 αἰῶνος
630 2939 693 3014 ούκ
714 2939 1033 3030 έπιλησθήσονταιι.
1070 2933 1155 3030 αῦτη
1169 2937 1190 3030 ή
1205 2940 1372 3031 περικοπή
1388 2937 1409 3030 ή
1425 2947 1563 3031 δευτέρα

207 3061 240 3116 25
259 3051 323 3117 τοῦ
345 3040 619 3132 άναγνώσματος.

341 3149 422 3224 Πῶς
437 3134 499 3213 οῦν
514 3148 601 3227 λέγει
616 3135 635 3212 ό
651 3137 847 3230 προφήτης·
871 3135 1064 3230 »ήπάτησάς
1078 3167 1127 3229 με,
1149 3137 1251 3226 κύριε,
1272 3147 1328 3210 καί
1344 3135 1565 3230 ήποιτήθην«,·

259 3241 342 3324 θεὸς
364 3238 493 3333 άπατῆι;
522 3247 598 3323 ποῦς
621 3237 834 3329 οἰκονομήσω
858 3239 922 3312 τὸν
944 3235 1059 3327 λόγον,
1083 3236 1214 3327 άποραῦ.
1258 3237 1317 3311 ἐάν
1339 3237 1402 3328 γάρ
1424 3239 1480 3311 διὰ
1500 3238 1566 3312 τὸν

259 3340 345 3414 θεόν
370 3347 427 3412 καὶ
453 3339 516 3412 τόν
544 3336 649 3429 λόγον
677 3337 784 3411 αύτοῦ
809 3347 926 3425 βλέπω
953 3367 987 3408 τι
1012 3343 1059 3420 εἰς
1086 3333 1205 3422 αὐτόν,
1238 3343 1432 3428 οἰκονομίας
1460 3345 1566 3410 δεῖται

260 3449 414 3532 γενναίας
437 3438 480 3510 τά
502 3434 742 3529 λεχθησόμενα.
791 3435 1005 3526 παυσάμενος
1026 3443 1091 3509 τοῦ
1114 3433 1310 3510 ἀπατᾶσθαι
1332 3443 1419 3526 λέγει
1441 3433 1461 3510 ό
1482 3437 1585 3529 πρσ-’

208 3566 242 3620 30
260 3537 381 3630 φήτης·
407 3534 598 3629 »ῆπάτησάς
618 3566 658 3626 με
679 3537 782 3628 κύριε,
804 3543 859 3609 καί
879 3534 1094 3628 ῆπατήθηνι,
1117 3533 1165 3618 οός
1180 3541 1241 3624 τῆς
1255 3535 1497 3624 στοιχειοόσεως
1511 3545 1568 3609 καί

175 3661 243 3716 312ι
260 3643 443 3728 εἰσαγωγῆς
478 3644 699 3727 γεγενημένης
734 3633 828 3727 αύτῷ
866 3641 902 3708 έν
933 3632 1046 3724 άπάτη
1074 3640 1078 3722 ί
1106 3643 1160 3706 καί
1190 3635 1235 3726 μή
1265 3640 1441 3724 δυναμένῳ
1472 3632 1567 3726 αύτῷ

261 3743 523 3827 στοιχειωθῆναι
544 3740 600 3808 καί
618 3742 820 3826 εἰσαχθῆναι
841 3740 888 3818 είς
911 3741 1114 3819 θεοσέβειαν,
1137 3733 1196 3806 έάν
1221 3732 1266 3824 μή
1288 3729 1460 3824 πρότερον
1482 3732 1567 3806 άπα-

261 3843 363 3926 τηθῆ,
386 3839 440 3907 ἵνα
458 3830 524 3924 ήκη
543 3828 688 3925 ῦστερον
710 3838 765 3906 έπί
780 3832 822 3906 τό
844 3837 1149 3923 συναισ<θη>θῆναι
1170 3837 1232 3922 τῆς
1251 3829 1391 3922 άπάτης.
1422 3831 1517 3924 άρκεῑ
1533 3840 1568 3905 δὲ

261 3933 369 4027 μόνον
398 3931 607 4024 παράδειγμά
638 3963 672 4004 τι
703 3939 807 4005 εἰπεῖν
833 3931 997 4022 χρήσιμον
1022 3937 1068 4015 εἰς
1095 3931 1138 4003 τά
1163 3937 1376 4022 προκείμενα.
1422 3938 1570 4016 παιδίοις

211 4054 244 4108 35
262 4040 430 4126 λαλοῦμεν
451 4033 593 4122 άγοντες
614 4032 657 4104 τά
679 4040 805 4116 παιδία,
827 4039 882 4103 καί
905 4027 965 4120 ούχ
982 4028 1030 4115 σός
1045 4039 1187 4114 τελείοις
1202 4037 1379 4122 λαλοῦμεν,
1402 4028 1476 4104 ἄλλ’
1492 4029 1540 4116 τός
1561 4037 1571 4120 ἰί
1592 4047 1643 4104 260

261 4141 408 4217 παιδίοις
423 4138 593 4222 δεομένοις
608 4130 685 4224 [διὰ]
701 4137 763 4221 τῆς
777 4129 984 4214 παιδεύσεως
999 4137 1167 4220 λαλοῦμεν
1181 4127 1304 4214 αύτοίς,
1320 4137 1375 4200 καί
1385 4127 1570 4219 άπατῶμεν

346 4279 364 4336 5
383 4279 446 4349 vgl.
459 4296 493 4331 zu
505 4277 529 4332 S.
543 4279 600 4342 170,
611 4281 637 4336 8.
649 4307 683 4317 -
698 4277 811 4333 10-24
829 4275 894 4346 Vgl.
907 4275 1005 4334 Jerem.
1017 4277 1058 4344 20,
1072 4279 1162 4332 7-11.
1176 4306 1209 4315 -
1221 4275 1298 4334 8411.
1316 4275 1380 4344 vgl.
1393 4275 1419 4330 S.
1432 4275 1489 4342 158,
1504 4277 1569 4332 19ff.

346 4407 363 4462 ὅ
380 4405 424 4476 γε]
443 4423 473 4460 τε
491 4405 508 4457 S
528 4406 532 4472 Ι
552 4404 590 4459 10
608 4403 765 4472 ηπατήθειν
783 4402 816 4456 S*
833 4402 984 4471 ηπατηθην
1001 4402 1107 4470 Sem!
1129 4402 1166 4457 18
1188 4397 1309 4472 ἐγενήθη
1328 4401 1354 4456 V
1371 4398 1509 4472 έγεννὴθη
1528 4401 1545 4456 S
1566 4405 1569 4471 ξ

264 4491 302 4547 18
325 4489 465 4545 κυκλόθεν
482 4487 560 4542 Βίεεε
581 4485 764 4542 κύκλωθενθ
791 4489 795 4554 1
823 4487 864 4544 28
887 4485 1006 4543 δύναντο
1025 4487 1057 4542 S*
1076 4485 1212 4555 ῆδέναντο
1230 4487 1312 4540 Swrr·
1332 4487 1337 4554 Ι
1360 4484 1449 4554 82188
1476 4482 1527 4542 έάν
1543 4525 1570 4541 ..

264 4570 406 4642 ἀπατηθῇ,
422 4567 471 4628 ἰνα
489 4611 593 4626 ......
612 4567 722 4640 ἀπάτης
734 4571 812 4626 Βίειεε
822 4567 871 4627 ἵνα
889 4609 994 4628 ......
1013 4567 1130 4639 ἀπάτης,
1148 4567 1198 4626 ἐὰν
1216 4612 1222 4625 .
1238 4610 1244 4624 .
1262 4567 1396 4641 ἀπατηθῇ
1414 4569 1431 4623 S
1446 4570 1451 4636 Ι
1467 4569 1506 4626 ίίδ
1520 4567 1573 4639 ήκη

263 4657 308 4709 Gh
324 4653 385 4724 ήκει
403 4657 420 4712 S
436 4659 440 4724 l
456 4656 691 4724 σνναισθηθῆναι]
714 4654 769 4725 vgl.
788 4655 813 4708 S.
833 4658 891 4722 174,
911 4657 925 4709 ’ἰ
944 4657 1118 4723 συνησθῆναι
1135 4654 1224 4722 8186
1241 4653 1285 4711 διὰ
1305 4653 1420 4710 streicht
1437 4652 1489 4711 Hu.
