3694 5542
626 469 745 526 Homilie
757 471 817 527 XX.
845 472 944 527 Jerem.
956 473 998 539 20,
1011 472 1102 527 7-12.
1461 479 1513 542 181

81 633 89 644 “
124 649 190 704 317r
207 629 332 721 πικρὸν
366 627 547 722 φάρμακον
575 627 644 704 ύπὸ
675 632 717 704 τό
747 640 834 722 μέλι,
865 631 1039 724 ἐκκακῆσει
1066 663 1127 717 τις.
1171 642 1223 716 τίς
1248 634 1314 726 γάρ
1334 640 1338 722 ί
1360 630 1457 725 ἡμῶν
1479 631 1521 707 ού

208 730 364 804 σύνοιδεν
392 732 505 822 ἑαυτῷ
536 730 653 804 πιόντι
684 729 725 802 ού
755 732 840 823 μετά
866 741 989 823 βουλῆς
1015 740 1070 803 καὶ
1092 741 1315 825 μεθυσθέντα
1345 743 1400 816 τίς
1422 730 1520 824 ἡμῶν

208 828 389 918 καθαρεύει
420 827 489 902 ἀπό
518 837 651 920 κλοπῆς
680 839 736 904 καί
767 828 836 904 ἀπὸ
866 840 929 904 τοῦ
958 832 1003 924 μὴ
1033 839 1252 920 πεπορικέναι
1282 833 1324 904 τὰ
1347 833 1520 923 ἐπιτήδεια

210 928 373 1016 δεόντως;
399 927 473 1003 ἀλλ’
497 925 561 1024 όρα
587 939 622 1004 τί
643 937 730 1021 λέγει
752 928 772 1003 5
795 931 907 1022 λόγος·
932 931 989 1022 >μῆ
1011 939 1204 1014 πλανᾶσθε,
1232 927 1288 1004 ότι
1310 924 1409 1005 οῦτοι
1431 940 1519 1016 βασι-

172 1049 189 1104 5
209 1037 304 1101 λείαν
330 1037 416 1102 θεοῦ
442 1027 483 1101 οῦ
504 1029 816 1121 κληρονομῆσανσκ.
859 1029 900 1102 τό
926 1033 1015 1104 κατὰ
1042 1030 1105 1104 τὸν
1127 1030 1239 1104 τόπον
1261 1030 1449 1122 μυστήριον
1468 1061 1519 1104 κε-

208 1128 361 1220 κρύφθαι
383 1135 446 1215 δεῖ,
468 1131 524 1200 ίνα
545 1129 590 1221 μὴ
613 1129 780 1221 έκκακῆσγγ
802 1127 822 1204 5
843 1131 961 1216 πολύς,
984 1137 1038 1203 ίνα
1059 1131 1104 1221 μῆ
1125 1133 1250 1220 μαθων
1271 1131 1315 1203 τά
1336 1126 1519 1222 πράγματα

210 1226 425 1318 προσδοκῆσγγ
454 1229 518 1320 τῆν
544 1234 662 1317 ἔξοδον
688 1229 748 1320 ούχ
770 1228 818 1314 ιύς
839 1228 1038 1316 ἀνάπαυσιν,
1062 1227 1136 1303 ἀλλ’
1160 1227 1208 1312 ὥς
1228 1229 1378 1303 κόλασιν.
1422 1227 1444 1321 ῆ
1466 1236 1518 1312 τίς

210 1324 429 1417 εύρεθῆσεται
450 1336 586 1412 Παῦλος
613 1325 633 1402 5
660 1328 845 1418 δυνάμενος
867 1338 988 1420 λέγειν·
1014 1327 1169 1403 »κάλλιον
1191 1329 1254 1420 γάρ
1276 1326 1441 1402 ἀναλῦσαι
1462 1338 1518 1402 καὶ

210 1429 272 1501 σύν
294 1436 433 1520 Χριστῷ
461 1431 572 1514 είνακ;
603 1431 670 1518 έγοό
698 1435 735 1500 δὲ
762 1426 803 1502 ού
827 1429 970 1519 δύναμαι
991 1437 1097 1500 τοῦτο
1117 1436 1233 1518 λέγειν.
1277 1431 1354 1502 οἰδα
1376 1431 1440 1520 γὰρ
1463 1425 1518 1502 ότι

158 1536 191 1590 10
209 1528 269 1601 έδιν
301 1533 443 1615 ἐξέλθοι,
474 1528 517 1600 τά
547 1529 610 1619 ἐμά
640 1528 723 1616 ξύλα
753 1535 923 1620 καυθῆναι
947 1534 985 1600 έν
1007 1534 1080 1618 ἐμοὶ
1102 1535 1158 1600 δεῖ.
1200 1527 1285 1613 ξύλα
1308 1535 1343 1601 δέ
1366 1533 1431 1620 έγω
1454 1530 1517 1613 τὰς

209 1633 393 1716 λοιδορίας,
421 1627 504 1714 ξύλα
519 1633 530 1718 ΙΙ
547 1633 613 1717 ἔχω
640 1629 701 1711 τὰς
722 1636 843 1717 μέθας,
867 1627 950 1715 ξύλα
972 1628 1033 1710 τὰς
1054 1623 1200 1715 κλοπάς,
1226 1636 1283 1699 καὶ
1305 1627 1394 1701 ἀλλα
1414 1637 1517 1720 μυρία
1538 1646 1589 1702 226

209 1726 293 1812 ξύλα
322 1724 569 1818 ἐπωκοδόμησά
600 1757 665 1818 μου
694 1736 738 1817 τῇ
768 1731 938 1817 οίκοδομῆ.
982 1723 1063 1820 δρᾷς
1089 1723 1145 1798 ότι
1170 1733 1280 1799 ταῦτα
1301 1727 1419 1800 πάντα
1441 1741 1518 1801 λαν-

208 1823 309 1898 θάνει
340 1827 422 1909 τοῦς
451 1828 601 1910 πολλοῦς
628 1835 704 1900 τῶν
728 1825 1020 1912 πεπιστευκότων,
1041 1833 1096 1896 καὶ
1117 1833 1231 1908 καλῶς
1252 1825 1432 1900 λανθάνει·
1461 1835 1518 1900 καὶ

211 1926 353 2008 ἕκαστος
375 1922 471 2016 ἡμῶν
493 1931 615 2012 οίεται,
637 1931 710 1998 ἐπεὶ
731 1927 775 2017 μὴ
798 1924 1101 2017 εἰδωλολάτρησεν,
1124 1930 1196 1996 ἐπεὶ
1217 1925 1262 2016 μῆ
1284 1924 1518 2016 πεπόρνευκεν

158 2031 191 2085 15
210 2027 293 2110 (είθε
314 2023 380 2096 κάν
402 2030 457 2097 ίπὶ
478 2035 553 2098 τῶν
574 2025 748 2099 τοιούτων
767 2025 1039 2116 καθαρεύωμεν),
1063 2019 1117 2098 ότι
1131 2022 1347 2115 ἀπαλλαγεὶς.
1360 2033 1423 2098 τοῦ
1443 2033 1519 2112 βίου

210 2122 412 2214 σωθήσεται.
456 2122 497 2199 ού
523 2133 691 2214 βλέπομεν
718 2120 773 2198 ότι
802 2126 901 2208 »τούς
922 2123 1055 2208 πάντας
1077 2121 1162 2215 ἡμᾶς
1183 2132 1446 2216 παρασταθῆναι
1469 2133 1520 2198 δεῖ

210 2227 404 2316 ἔμπροσθεν
430 2231 495 2298 τοῦ
516 2223 666 2315 βήματος
687 2232 750 2297 τοῦ
773 2232 933 2314 Χριστοῦ,
956 2229 1011 2296 ἵνα
1032 2233 1211 2314 κομίσηται
1233 2226 1376 2308 ἕκαστος
1397 2224 1441 2297 τά
1464 2227 1518 2299 διὰ

211 2330 275 2396 τοῦ
296 2325 454 2418 σώματος
474 2324 561 2412 πρὸς
582 2322 604 2395 ά
626 2328 779 2413 ἔπραξεν,
802 2329 869 2396 εἴτε
893 2320 1028 2413 ἀγαθόν
1050 2329 1117 2396 εἴτε
1140 2330 1302 2410 φαῦλονι.
1343 2321 1384 2395 οῦ
1398 2333 1517 2410 βλέπο·

210 2452 271 2514 μεν
303 2423 369 2496 τὸν
397 2421 567 2514 εἰρηκότα·
597 2423 705 2514 »πλὴν
734 2421 819 2512 ύμῦς
846 2427 957 2514 ἔγνων
978 2429 1016 2495 ἐκ
1037 2420 1192 2508 πάντων,
1214 2431 1290 2497 τῶν
1314 2433 1435 2511 φυλῶν
1456 2431 1518 2516 τῆς

159 2533 194 2590 20
211 2529 282 2613 γῆς·
305 2522 359 2594 διά
381 2529 487 2596 τοῦτο
510 2521 674 2614 ἐκδικήσω
697 2521 749 2612 ἐφ’
764 2520 849 2615 ύμᾶς
864 2529 919 2595 ἐπὶ
932 2520 1047 2595 πάντα
1066 2523 1111 2595 τά
1128 2522 1375 2614 ἐπιτηδεύματα
1389 2521 1516 2614 ύμῶνι,

211 2620 283 2710 ούχί
303 2621 382 2693 τινὰ
402 2629 464 2710 μέν
485 2623 563 2695 τινά
585 2630 621 2694 δὲ
642 2616 691 2695 οῦ.

292 2718 381 2792 Ἐπεὶ
402 2730 520 2794 τοίνυν
550 2717 570 2793 5
597 2722 714 2811 ἰατρός
735 2728 847 2794 ένίοτε
873 2718 1085 2811 ἀποκρύπτει
1111 2721 1176 2794 τόν
1202 2722 1358 2810 ἰατρικὸν
1380 2730 1519 2814 σίδηρον

210 2818 278 2892 ύπὸ
309 2819 373 2893 τὸν
403 2817 538 2895 άπαλόν
569 2829 624 2892 καὶ
655 2821 829 2912 τρυφερόν
860 2818 1024 2911 σπόγγον,
1055 2819 1198 2911 κρύπτει
1224 2827 1260 2892 δέ
1284 2829 1342 2893 καί
1364 2817 1384 2893 5
1405 2821 1519 2914 πατὴρ

125 2937 193 2992 317v
211 2919 275 3010 τῆν
302 2929 547 3010 φιλοστοργίαν
569 2920 622 2992 διά
645 2928 706 3011 τῆς
728 2918 905 3010 ἐμφάσεως
927 2927 988 3011 τῆς
1010 2915 1158 3011 ἀπειλῆς,
1180 2929 1236 2992 καί
1257 2926 1292 2994 αί
1315 2918 1444 2994 ἀπάται
1462 2935 1467 3007 Ι
1486 2926 1520 2993 αί

157 3029 191 3084 25
209 3026 270 3108 μὲν
306 3015 487 3113 ἀφαιροῦσι
523 3019 565 3091 τά
602 3020 828 3110 στεατεόματα
862 3027 919 3090 καὶ
951 3020 1031 3101 τούς
1060 3020 1197 3110 κιρσοῦς
1225 3029 1282 3092 καὶ
1312 3027 1343 3092 εἴ
1371 3051 1406 3093 τι
1433 3021 1519 3094 ἀλλο
1556 3087 1562 3091 .

209 3117 352 3202 βλάπτει
378 3117 442 3208 τῆν
468 3125 532 3190 τοῦ
558 3119 717 3209 σώματος
742 3116 963 3208 κατασκευήν,
989 3115 1011 3208 ῆ
1033 3124 1068 3189 δὲ
1089 3139 1257 3209 περιαιρεῐ
1276 3119 1341 3209 τῆν
1362 3116 1520 3192 ἀπαιδευ-

209 3225 284 3289 σίαν
310 3226 365 3288 καὶ
392 3217 456 3309 τῆν
481 3217 665 3306 χαύνωσιν·
697 3223 860 3292 τοιοῦτον
887 3217 927 3309 δή
954 3247 989 3290 τι
1015 3215 1153 3308 νενόιμιε
1174 3239 1285 3292 ποιεῖν
1306 3217 1478 3291 τὸνθεόν
1499 3214 1519 3290 5

292 3389 347 3448 m.
370 3389 434 3460 ng
452 3389 482 3444 in
499 3391 513 3444 I
529 3391 594 3446 Kor.
613 3393 637 3453 5.
657 3391 690 3445 10
708 3389 778 3464 (Οφί.
797 3391 884 3446 Οεεω.
903 3389 937 3456 V,
956 3390 1138 3459 98‚17—20):
1167 3387 1238 3448 ἀλλὰ
1261 3398 1350 3447 ταῦτα
1368 3389 1421 3460 μέν
1438 3389 1519 3447 δυνά-

208 3477 286 3541 μεθα
313 3467 424 3539 ἑαυτοῖς
451 3473 604 3530 συνειδέναι
628 3471 657 3530 σί
681 3477 784 3531 πολλοί
810 3469 853 3530 δτι
881 3471 933 3530 οῦκ
955 3469 1058 3544 ἔχομεν
1075 3473 1111 3532 τὰ
1133 3473 1209 3531 κακὰ
1230 3481 1333 3531 ταῦτα·
1351 3472 1398 3531 έπί
1415 3473 1445 3532 δὲ
1461 3481 1519 3532 τῶν

207 3553 271 3627 ἑξῆς
303 3559 353 3613 καί
386 3553 510 3626 ἐμαυτὸν
545 3565 704 3633 φοβοῦμαι,
733 3562 834 3630 μήπως
867 3552 968 3629 ένοχδς
1000 3557 1058 3628 εἰμι
1090 3566 1151 3625 τοῖς
1179 3553 1276 3625 ἄλλοις
1304 3554 1518 3632 ἁμαρτήμασιν·

208 3641 286 3713 λέγει
304 3641 372 3714 γάρ·
392 3641 424 3712 »ἢ
441 3645 573 3718 λοίδορος
589 3643 607 3714 ἢ
625 3645 751 3714 μέθυσος
768 3642 786 3714 ἢ
804 3637 923 3715 ἅρπαζε.
941 3675 974 3682 -
991 3643 1011 3700 4
1034 3644 1097 3714 vgl.
1115 3643 1204 3700 IKor.
1221 3645 1246 3712 6,
1264 3646 1288 3700 9.
1307 3645 1348 3699 10.
1360 3675 1394 3684 -
1418 3646 1436 3701 8
1454 3643 1518 3715 Vgl.

208 3727 279 3782 Phjl.
298 3731 322 3793 1,
340 3729 381 3782 23.
400 3758 433 3766 -
456 3728 510 3784 M.
527 3728 917 3798 Vgl.1K01.3‚12.13.-
941 3728 977 3784 1ss
999 3729 1148 3792 11K0r.5‚
1167 3729 1207 3784 10.
1230 3759 1264 3768 -
1288 3727 1367 3783 1811.
1385 3728 1448 3798 Vgl.
1465 3728 1518 3783 Sel.

208 3811 238 3865 in
255 3811 354 3867 Ezech.
374 3815 396 3876 7,
415 3812 431 3865 3
449 3812 498 3880 (Lo
516 3816 557 3878 14,
576 3815 647 3883 138):
674 3810 772 3869 »δώσω
794 3809 841 3869 έπί
864 3810 895 3868 σὲ
917 3811 1010 3868 πάντα
1032 3811 1068 3868 τὰ
1090 3810 1269 3884 βδελύγματά
1294 3828 1370 3868 σουε.
1411 3809 1518 3884 οὐγὰρ

208 3891 270 3950 τινδι
299 3893 353 3964 μέν
380 3895 481 3962 δίδωσι,
508 3895 571 3953 τινὰ
598 3897 628 3954 δὲ
650 3893 684 3954 ού
705 3899 824 3964 δίδωσιν,
850 3893 921 3953 ἀλλὰ
944 3895 1038 3952 πάντα
1056 3893 1225 3966 έξαφανίζει.
1260 3899 1309 3952 καί
1326 3893 1354 3950 εί
1369 3899 1414 3951 δεῖ
1429 3889 1518 3961 ούτως

208 3976 306 4044 εἰπεῖν,
325 3979 374 4034 καί
391 3977 548 4052 εὐεργετῶν
564 3983 614 4037 καί
629 3977 836 4054 χαριζόμενος.
850 3983 1000 4037 ..δίδωσιν
1017 3975 1062 4038 ἐπ’
1079 3977 1175 4047 αίιιοῐς
1186 3978 1280 4036 πάντα
1292 3976 1327 4036 τὰ
1339 3975 1517 4051 βδελύγματα

208 4059 310 4129 αὐτῶν,
328 4057 368 4128 ὡς
390 4057 448 4119 έστι
465 4068 571 4133 μαθεῖν
588 4068 638 4122 καί
655 4061 688 4120 έκ
703 4070 762 4121 τῶν
779 4061 809 4121 έν
826 4071 866 4139 τῷ
884 4057 972 4135 Ἀμὼς
989 4069 1048 4122 κτλ.
1066 4097 1099 4105 -
1118 4066 1157 4121 19
1175 4069 1259 4120 Amos
1271 4066 1295 4130 3,
1308 4066 1332 4118 2.
1350 4093 1384 4102 -
1402 4061 1441 4117 24
1453 4063 1516 4134 vgl.

207 4144 237 4199 in
254 4145 316 4201 Joh.
334 4145 410 4201 Tom.
428 4148 452 4214 6,
470 4151 504 4204 54
522 4150 569 4218 (Bt
585 4151 607 4214 1,
625 4151 682 4217 173,
701 4151 757 4218 20:
783 4143 904 4221 ἔμφασις
920 4148 974 4218 μέν
992 4142 1042 4206 οῦν
1060 4152 1165 4217 πολλῆς
1182 4143 1330 4218 ὠμότητος
1346 4151 1404 4203 κτλ.

292 4297 310 4350 θ
331 4295 487 4368 καθαρεύει
513 4299 538 4351 V
564 4297 757 4373 κακαθαρεύει
779 4299 797 4354 8
818 4298 894 4356 κακὰ
917 4297 1074 4370 καθαρεύει
1098 4299 1136 4354 Co
1159 4299 1164 4368 Ι
1187 4294 1374 4368 πεπορικέναι
1400 4296 1444 4352 Gh
1469 4314 1517 4352 πε-

209 4380 366 4451 πορηκέναι
383 4381 400 4435 S
415 4381 419 4448 Ι
436 4382 473 4437 11
492 4381 556 4448 τδις2
573 4384 654 4438 Swrr·
672 4381 708 4439 τὰ
726 4385 759 4438 S*
781 4385 785 4452 Ι
806 4385 845 4440 14
863 4379 934 4454 ἐπεὶ]
953 4383 996 4438 od.
1012 4378 1056 4438 ὅτι
1074 4378 1184 4450 <guam
1207 4377 1251 4436 ὅτι
1269 4379 1356 4448 8115
1378 4378 1518 4452 καθαρεύ·
1594 4389 1600 4402 ·

210 4483 291 4533 οιμεν
309 4463 347 4519 Co
366 4464 575 4537 καθαρεύωμεν
592 4467 610 4522 S
631 4469 635 4536 Ι
656 4468 692 4523 19
709 4466 825 4524 πάντων
843 4468 860 4522 S
878 4474 979 4523 πασῶν
996 4465 1116 4522 LoLxx
1132 4469 1136 4534 Ι
1151 4465 1192 4521 20
1209 4463 1303 4521 πάντα
1321 4461 1355 4519 τὰ
1378 4459 1516 4532 ἐπιτηδεί-

209 4549 296 4618 ματα]
315 4550 486 4620 vgl.J0rem.
503 4552 611 4614 1311?
636 4549 730 4617 πάσας
746 4549 798 4617 τὰς
816 4547 956 4624 ἁμαρτίας
978 4551 1055 4605 LXX
1075 4552 1079 4619 1
1107 4550 1147 4605 24
1169 4545 1330 4618 ἐμφάσεως]
1349 4542 1518 4618 έμφράσεως

209 4635 227 4687 S
245 4631 412 4706 έκφράσεως
430 4635 482 4698 Gh.
502 4635 573 4690 doch
591 4636 646 4706 vgl.
665 4636 709 4690 ob.
725 4638 729 4705 Ι
746 4636 783 4694 27
803 4636 845 4706 δή]
863 4635 893 4691 δέ
910 4636 936 4690 S.
