3694 5542
326 475 387 536 226
768 465 907 536 Origeneu’
925 466 1184 524 Ieremiahomilien.

1824 537 1826 578 1

327 626 434 718 άγίων
466 633 570 700 ἐστίν·
600 622 686 700 όταν
717 635 753 701 δὲ
782 638 906 702 πολλοὶ
936 626 1132 720 ἀμαρτωλοὶ
1163 622 1240 716 ῶσι,
1273 637 1317 721 γή
1350 639 1431 702 τῶν
1467 637 1634 720 ἐχθρῶν.

328 723 421 801 οὕτω
451 735 499 812 δέ,
532 737 648 818 φησίν,
680 733 997 819 ἐπιστρέφουσιν
1027 727 1075 814 ῶς
1106 733 1191 802 εἶναι
1220 729 1394 820 μόνιμον
1428 751 1513 815 τοῖς
1549 740 1634 814 σοῖς

327 835 487 911 τέκνοις
511 828 551 900 τό
574 833 774 919 ἐπιστρέψαι
796 827 864 903 ἀπὸ
888 838 955 922 γής
978 835 1148 919 ἐχθρῶν,
1171 849 1244 912 τοῖς
1265 828 1332 903 ύπό
1348 837 1410 903 σοῦ
1426 828 1635 920 ῶφεληθεῖσι

327 936 381 999 καὶ
417 949 488 1012 σοῖς
524 947 674 1018 καρποῖς.
716 937 771 1000 καὶ
803 935 840 1002 ἐν
861 925 985 1020 Ἐξόδῳ
1015 936 1051 1001 δὲ
1078 937 1262 1020 γέγραπται
1293 925 1348 1003 ότι
1381 925 1634 1020 εείσήκουοενό

294 1029 408 1112 5θεός
434 1036 498 1100 τοῦ
520 1035 619 1112 λαοῦ,
646 1035 709 1100 τοῦ
730 1037 920 1120 στεναγμοῦ
940 1026 1057 1101 αύτῶν
1079 1025 1148 1100 ἀπὸ
1170 1037 1246 1101 τῶν
1268 1033 1410 1120 ἔργωνι·
1440 1025 1560 1119 όμοιον
1582 1037 1633 1118 τῷ

327 1133 477 1200 ἐνταῦθα
498 1135 653 1218 κειμένῳ,
676 1125 751 1202 ἀλλ’
774 1127 815 1202 ού
835 1137 912 1218 περὶ
934 1127 1096 1218 πάιήτων,
1117 1125 1204 1202 ἀλλά
1219 1137 1294 1218 περὶ
1309 1127 1470 1220 Ἐφραῒμ
1493 1123 1634 1218 όδυρο-
1656 1145 1706 1199 affl

326 1236 455 1316 μένου.
496 1225 637 1318 Ἐφραίμ
659 1236 695 1301 δὲ
717 1229 933 1319 ἑρμηνεύεται
956 1237 1190 1318 Καρποφορία.

711 1467 767 1533 Nr.
790 1468 885 1534 LVII.
927 1469 1255 1546 Jerem.38‚18-20.

411 1618 496 1700 (136)
525 1619 647 1703 Φωνής
673 1619 851 1702 κλαυθμοῦ
878 1609 1145 1701 μετανοούντων
1175 1607 1312 1684 ἀκούει
1342 1607 1361 1684 ό
1392 1609 1482 1694 θεός.
1526 1611 1637 1683 διὰτί

278 1732 311 1786 10
329 1718 364 1782 δέ
385 1709 447 1782 τόν
462 1708 624 1801 Ἐφραῒμ
648 1708 896 1802 ὀδυρόμενον
910 1707 963 1799 ἐφ’
978 1707 1211 1803 ἁμαρτήμασιν
1227 1715 1334 1798 είπεν;
1356 1719 1430 1783 τῶν
1446 1719 1635 1784 Βασιλειῶν

329 1817 447 1883 τοίνυν
469 1808 489 1901 ἡ
513 1820 610 1900 τρίτη
633 1819 737 1902 δηλοῖ,
761 1810 809 1895 ῶς
830 1819 961 1900 πικρῶς
983 1808 1101 1883 αύτῶν
1123 1811 1288 1901 ἄρχοντος
1310 1819 1373 1884 τοῦ
1386 1807 1535 1900 Ῥοβοάμ,
1558 1817 1637 1884 δέον

330 1907 453 1992 αύτούς
479 1916 728 1999 καρτεροῦντος
754 1911 799 2002 μὴ
821 1909 1021 2001 ἀποστῆναι,
1044 1908 1118 1982 »οῦκ
1140 1913 1232 1982 ἔστιν
1253 1909 1331 2002 ἡμῖν
1352 1919 1444 2001 μερίς
1465 1918 1502 1984 ἐν
1525 1917 1638 1996 Δαβ1δ<

331 2007 527 2099 ἀνεβόησαν,
550 2003 616 2081 ότε
626 2006 793 2100 Ἱεροβοάμ
816 2019 889 2092 τῶν
904 2008 1135 2082 ἀποστάντων
1151 2007 1310 2102 ήγήσατο,
1333 2019 1395 2102 τῆς
1411 2019 1518 2102 φυλῆς
1532 2008 1636 2099 ῦπάρ-

327 2139 401 2199 χων
422 2106 575 2198 Ἐφραίμ.
604 2103 696 2192 ὅστις
723 2107 880 2194 δαμάλεις
906 2109 1050 2202 ποιήσας
1076 2107 1266 2200 ἀπέστησεν
1292 2108 1360 2183 ἀπὸ
1387 2117 1448 2201 τῆς
1470 2118 1533 2182 τοῦ
1554 2117 1638 2183 θεοῦ

279 2232 312 2284 15
330 2215 486 2299 λατρείας
512 2209 574 2292 τὰς
600 2217 680 2282 δέκα
707 2207 823 2296 φυλάς.
867 2205 921 2298 ἐφ’
944 2209 995 2294 οῖς
1022 2207 1164 2293 εἰκότως
1190 2219 1440 2300 μετανοοῦντες
1461 2207 1637 2298 ω’δύροντο

330 2318 386 2380 καὶ
417 2317 460 2399 τή
490 2305 615 2382 ἀλῶσει
645 2316 887 2392 παιδευθέντες
918 2309 1040 2398 ἐβόων·
1069 2307 1306 2394 ἐπαίδευσάς
1335 2339 1394 2400 με,
1423 2309 1546 2398 κύριε,
1574 2319 1638 2380 καὶ

330 2408 585 2498 ἐπαιδεύθην.
629 2408 686 2481 σία
715 2408 778 2500 γάρ
808 2439 861 2492 τις
894 2407 1040 2500 μόσχος
1076 2407 1325 2500 ἀποσκιρτήσας
1356 2417 1418 2484 τοῦ
1447 2415 1637 2496 βουκολίου.

331 2517 392 2600 τῆς
414 2516 473 2600 σής
495 2507 645 2598 ἀπέστην
668 2517 785 2601 νομῆς.
812 2517 868 2581 καὶ
895 2516 1010 2599 δέομαι
1037 2516 1098 2599 τῆς
1124 2517 1183 2600 σής
1210 2517 1379 2598 βοηθείας.
1421 2517 1483 2580 σοῦ
1509 2508 1572 2596 γάρ
1593 2507 1637 2598 μὴ

331 2616 574 2699 δυναμοῦντος,
598 2606 714 2682 ἀτονῶ
736 2608 823 2700 πρὸς
845 2607 1109 2700 ἐπιστροφήν·
1142 2615 1219 2680 δέον
1240 2615 1278 2680 δέ
1297 2637 1337 2698 με
1357 2629 1537 2698 μετανοεῖν
1557 2616 1639 2695 πρὶν

280 2727 313 2780 20
331 2707 404 2782 άλῶ
435 2717 491 2782 καὶ
520 2721 716 2798 πειθαρχεῖν
742 2731 804 2780 σου
833 2729 907 2792 τοῖς
935 2706 1144 2798 προφήταις,
1174 2709 1259 2796 μετὰ
1289 2707 1353 2797 τήν
1380 2701 1509 2781 άλωσιν
1529 2736 1639 2797 μετε-

331 2809 463 2901 νόησα.
506 2809 624 2898 γνοῦς
655 2813 690 2878 δὲ
721 2806 921 2896 στενάζει·
950 2817 1026 2890 πῶς
1056 2808 1119 2897 γὰρ
1151 2807 1194 2879 άν
1224 2837 1276 2890 τις
1303 2804 1440 2897 ἀγνοῶν
1467 2806 1515 2890 ῶς
1537 2804 1638 2897 ἀμαρ-

331 2906 426 2981 τάνει
456 2906 658 2994 στενάξειεν,
690 2905 766 2994 ἀξια
795 2905 925 2997 πράξας
953 2907 1144 2996 αἰσχύνης
1170 2911 1208 2979 ἐν
1238 2904 1473 2998 ἀμαρτήμασιν
1498 2913 1555 2978 καὶ
1580 2905 1638 2995 μά-

331 3021 430 3080 λιστα
452 3028 525 3092 ταῖς
547 3004 747 3097 άσελγείαις,·
769 3014 937 3079 τοσοῦτον
959 3012 994 3078 δέ
1008 3005 1204 3097 μετενόησα,
1226 3004 1274 3090 ῶς
1290 3007 1408 3090 ἀλλοις
1429 3005 1639 3092 ἀποδεῖξαί

331 3133 379 3180 σε.
421 3105 547 3198 μεγάλη
581 3113 644 3177 τοῦ
663 3103 802 3197 Ἐφραίμ
833 3104 853 3196 ή
882 3105 1053 3196 μετάνοια,
1086 3105 1175 3178 ῶστε
1203 3106 1265 3178 τόν
1291 3105 1375 3179 θεὸν
1403 3103 1581 3189 ἀναλαβεῖν
1603 3109 1639 3176 ἐκ

280 3227 313 3280 25
332 3205 501 3297 στόματος
528 3203 635 3278 αύτοῦ
662 3207 741 3289 τούς
770 3205 891 3296 λόγους
918 3213 979 3296 τής
1002 3204 1285 3298 ἐξομολογήσεως,
1313 3204 1419 3278 αύτόν
1442 3212 1477 3278 δε
1500 3201 1640 3276 ἀκοῦσαι

332 3314 452 3397 φωνῆς
469 3313 530 3398 τῆς
546 3304 716 3395 λεγούσης·
732 3310 773 3377 ἐκ
789 3303 983 3397 νεότητός
1001 3335 1077 3395 μου
1091 3305 1176 3388 υἱὸς
1191 3301 1399 3395 ἀγαπητὸς
1416 3303 1457 3382 εἱ,
1469 3301 1640 3394 Ἐφραίμ.

716 3543 772 3609 Nr.
792 3543 904 3609 LVIII.
947 3543 1062 3609 Ierem.
1081 3551 1129 3622 38,
1145 3550 1192 3612 23.
1207 3551 1256 3611 24.

415 3693 501 3778 (1371
532 3684 669 3771 Πάντας
705 3685 913 3778 ἀνθρώπους
947 3691 1010 3778 εἶχε
1041 3685 1345 3778 Ναβουχοδονόσορ
1382 3719 1433 3770 τις
1462 3685 1638 3776 Ἀσσύριος,

333 3784 392 3874 ἀφ’
414 3780 455 3859 οῦ
477 3786 625 3878 Χριστός
656 3784 740 3878 ήμᾶς
762 3789 988 3878 ἐλυτρῶσατο.
1032 3788 1083 3860 διό
1107 3798 1287 3870 λίατθαῖος
1309 3793 1344 3876 ἐξ
1370 3783 1503 3859 Ἠσαίου
1525 3795 1639 3877 φησίν·

415 3974 434 4030 4
461 3975 547 4030 Exod.
566 3976 594 4038 2,
613 3975 712 4030 2123.
740 4005 773 4014 -
803 3977 817 4030 λ
846 3975 910 4046 Vgl.
934 3975 1030 4030 Onom.
1053 3991 1130 4030 saera
1152 3977 1176 4042 1,
1196 3977 1257 4042 161,
1275 3979 1320 4031 67:
1346 3977 1464 4046 Εφραιμ
1492 3991 1638 4046 καρποφο·

261 4058 263 4063 ’
333 4061 381 4132 ρία
406 4063 473 4126 κτλ,
492 4079 518 4114 u.
534 4065 559 4113 ὅ.
586 4089 618 4098 -
645 4060 704 4116 M.
728 4059 791 4131 Vgl.
814 4059 887 4115 Hier.
912 4060 1015 4118 Comm.
1040 4061 1114 4115 1066.
1137 4091 1170 4136 ἢ
1198 4061 1235 4115 12
1265 4059 1446 4129 13111111.
1465 4059 1580 4125 12241.
1607 4087 1658 4104 -—.

335 4144 374 4198 14
392 4143 455 4212 Vgl.
474 4145 486 4198 I
503 4145 572 4198 Κδυ.
592 4145 631 4210 12,
651 4145 691 4199 28.
714 4175 748 4185 -
767 4144 832 4202 181.
851 4143 914 4215 Vgl.
933 4145 1006 4200 Hier.
1026 4145 1128 4200 Comm.
1148 4146 1226 4200 1066:
1253 4143 1327 4214 Ergo
1349 4143 1467 4215 idipsum
1491 4141 1564 4211 quod
1582 4139 1639 4210 agi·

334 4247 395 4282 mus
412 4229 618 4298 poenitentiam,
636 4227 690 4283 nisi
707 4228 759 4284 Dei
775 4231 897 4285 nitamur
914 4229 1027 4294 auxilio,
1044 4228 1159 4300 implere
1176 4247 1232 4284 non
1249 4245 1390 4300 possumus
1408 4231 1504 4283 ε1ο.-
1518 4225 1558 4282 28
1576 4223 1638 4295 Vgl.

333 4311 406 4366 Hier.
425 4313 528 4367 Comm.
547 4315 625 4370 1006:
644 4315 675 4368 ut
693 4313 777 4368 etiam
795 4313 857 4369 aliis
874 4313 1066 4384 ignorantibus
1084 4313 1174 4367 Deum
1193 4313 1349 4369 ostenderit.

418 4466 432 4518 1
451 4455 512 4533 ὦσι]
531 4460 585 4519 είσι
603 4464 654 4518 οΙο
670 4465 674 4534 Ι
690 4463 709 4519 4
727 4463 765 4534 δέ]
779 4473 812 4525 <
824 4481 840 4519 ε
853 4465 893 4534 Ιθ
912 4461 938 4534 δ]
952 4473 984 4524 <
999 4482 1015 4520 ο
1031 4464 1035 4533 Ι
1053 4465 1087 4520 15
1110 4459 1254 4536 ὠδύροντο
1267 4469 1291 4518 ει
1308 4481 1331 4517 ε.
1343 4465 1404 4518 R.0
1423 4458 1571 4517 ὢδυνῶντο
1584 4459 1613 4513 c*
1636 4461 1638 4526 i

334 4547 414 4612 20121
429 4547 570 4616 μετενέησ
580 4543 689 4614 ἄπνους
701 4565 717 4602 ο
731 4548 787 4618 [sio]
805 4554 807 4616 1
820 4548 857 4605 21
878 4544 1045 4620 ἁμαρτάνει]
1059 4543 1233 4620 ἁμαρτάνων
1245 4565 1261 4602 o
1273 4548 1325 4614 126
1337 4549 1401 4617 μου]
1418 4565 1468 4616 μοι
1481 4563 1496 4600 ο
1508 4581 1510 4613 2
1523 4545 1559 4601 28
1571 4537 1639 4614 εἶχε]

335 4628 409 4701 ἔχειν
427 4649 443 4686 ο
460 4627 519 4698 -1-(1
538 4631 671 4704 διάβολος
688 4626 735 4690 οία
754 4632 840 4700 1122
857 4637 985 4702 μαθαῖος
1003 4650 1027 4690 o.
