3658 5566
553 470 605 526 Die
621 469 786 540 Fragmenta
803 485 852 524 aus
869 469 918 523 der
935 468 1199 538 Prophebenkatene.
1470 471 1531 532 277

226 631 328 723 λήσας
355 637 392 704 έν
420 649 491 716 τοῖς
512 631 721 722 προφήταις,
748 627 802 704 ἐπ’
823 628 976 718 ἐσχάτων
1002 638 1077 702 τῶν
1102 625 1237 719 ήμερῶν
1263 625 1424 717 ἐλάλησεν
1452 623 1531 716 ήμῐν

225 737 262 806 έν
292 735 386 822 υίῶι.
430 725 542 816 ούτως
572 739 607 804 δὲ
636 739 691 804 καί
723 731 763 804 τὸ
792 737 923 820 πνεῦμα
950 728 991 802 τὸ
1019 723 1128 818 άγιον·
1165 735 1246 817 φησὶ
1272 727 1334 816 γάρ
1362 722 1529 816 δσωτήρ·

228 838 358 914 »καλῶς
380 833 472 904 είτιεν
495 837 531 904 έν
552 828 664 923 Ἠσαίᾳ
687 830 727 903 τὸ
749 837 879 920 πνεῦμα
901 829 942 902 τὸ
966 823 1075 920 άγιον·
1103 823 1188 918 άκοή
1211 824 1386 915 άκούοητε,
1411 822 1530 898 καλοῦ

223 931 267 1021 μή
298 937 452 1022 συνήτετ.
495 937 533 1004 έν
563 939 598 1004 δὲ
629 939 672 1020 τῇ
701 930 787 1019 πρὸς
816 938 1022 1020 Κορινθίους
1053 925 1072 1001 δ
1099 935 1234 1010 Παῦλος
1265 928 1372 998 είπῶν
1399 925 1442 996 τά
1470 953 1529 1014 χα-

189 1047 205 1100 5
224 1039 381 1121 ρίσματα,
405 1045 442 1104 έν
465 1031 515 1114 οἷς
537 1036 629 1103 έστιν
652 1029 672 1122 ή
694 1038 894 1120 προφητεία,
918 1037 1034 1120 φησίν·
1066 1034 1192 1100 »ταῦτα
1214 1033 1249 1098 δὲ
1271 1023 1384 1098 πάντα
1405 1030 1533 1113 ἐνεργεῖ

224 1133 259 1200 έν
288 1137 344 1202 καί
376 1128 416 1202 τό
444 1127 528 1202 αύτὸ
558 1137 703 1219 πνεῦμα,
725 1137 894 1220 χορηγοῦν
927 1128 1058 1220 ἑκάστῳ
1087 1129 1207 1212 καθῶς
1231 1125 1422 1212 βούλεταιι·
1453 1153 1529 1196 του-

223 1237 337 1301 τέστιν
360 1227 583 1314 αύθεντικῶς,
606 1226 647 1301 ού
669 1237 841 1313 δουλικῶς.
884 1236 991 1318 λέγοις
1014 1227 1047 1301 δ’
1071 1226 1113 1298 δν
1135 1233 1287 1318 πνεῦμα
1307 1223 1529 1314 προσώπου

223 1325 381 1414 Χριστόν,
412 1327 475 1401 τὸν
505 1327 746 1419 δωρησάμενον
777 1326 855 1418 ήμίν
885 1327 926 1401 τὸ
953 1335 1085 1417 πνεῦμα
1110 1333 1172 1416 τῆς
1192 1332 1414 1415 προφητείας·
1443 1317 1528 1412 αῦτη

222 1427 284 1518 γάρ
299 1435 493 1519 προφητῶν
514 1426 751 1518 πρόσωπον,
773 1435 928 1518 πνεῦμα
944 1435 980 1500 δέ
994 1427 1036 1500 τὸ
1050 1423 1201 1517 χάρισμα,
1225 1425 1314 1498 σκιά
1329 1431 1365 1496 δέ
1380 1419 1400 1497 δ
1414 1421 1527 1512 νόμος.

170 1545 204 1600 10
225 1527 338 1600 »σκιάν
360 1527 423 1618 γάρ
446 1533 534 1618 ἔχων
556 1524 575 1601 δ
598 1525 701 1618 νόμος
727 1537 801 1600 τῶν
826 1524 1028 1618 μελλόντων
1049 1525 1220 1615 άγαθῶνι.
1264 1529 1384 1615 ἔζησαν
1407 1516 1469 1597 ούν
1490 1529 1527 1596 έν

221 1622 299 1718 ήμίν
325 1631 358 1698 οἱ
387 1634 563 1718 προφῆται
592 1634 648 1700 καί
680 1631 717 1700 έν
746 1635 790 1716 τῇ
817 1636 880 1700 τοῦ
905 1624 1013 1718 νόμου
1038 1633 1122 1720 σκιᾷ.
1165 1629 1206 1699 τὸ
1233 1619 1295 1698 οῦν
1316 1621 1457 1714 χάρισμα
1484 1623 1525 1696 τὸ

219 1724 447 1815 προφητικύν,
470 1725 556 1814 πρὸς
578 1722 597 1798 δ
619 1734 732 1813 βλέπει
754 1725 862 1818 πάσης
883 1735 945 1818 τῆς
959 1735 1171 1816 προφητείας
1186 1724 1207 1816 ή
1222 1731 1361 1811 ἔκβασις,
1377 1720 1525 1813 Χριστός

220 1829 326 1909 ἐστιν,
354 1835 533 1899 τουτέστιν
559 1824 627 1900 άπὸ
652 1835 810 1918 Χριστοῦ.
851 1835 964 1910 >τέλος
989 1827 1053 1918 γάρ
1079 1825 1188 1918 νόμου
1212 1835 1269 1899 καὶ
1290 1829 1484 1914 προφητῶν
1505 1817 1524 1894 ά

221 1922 387 2012 Χριστός.
430 1929 550 2017 ῥηθείη
576 1934 612 1999 δὲ
642 1927 708 1998 κάν
743 1933 781 1999 έκ
811 1927 1001 2015 προσώπου
1030 1933 1105 1998 τῶν
1134 1921 1342 1999 άποστόλων
1369 1928 1424 1993 καὶ
1452 1929 1525 1993 τῶν

169 2041 202 2095 15
219 2032 366 2095 πιστῶν·
391 2031 446 2099 »ἐν
468 2025 563 2119 αύτῷ
586 2027 650 2117 γάρ
671 2036 726 2100 καί
749 2035 860 2118 ζῶμεν
880 2035 935 2096 καὶ
957 2026 1144 2116 κινούμεθα
1165 2035 1221 2098 καὶ
1243 2031 1372 2114 έσμένι·
1402 2014 1447 2094 οῦ
1474 2027 1525 2092 εἴ·

218 2151 345 2213 πομεν
367 2130 408 2197 έν
429 2135 477 2216 τῇ
500 2133 588 2220 σκιᾷ
610 2124 735 2200 αύτοῦ
750 2127 965 2217 ζησόμεθα,
986 2131 1142 2199 τουτέστι
1156 2126 1244 2197 κατὰ
1258 2133 1395 2215 μίμησιν
1408 2120 1524 2194 αῦτοῦ.

218 2229 306 2312 λέγει
332 2223 396 2314 γάρ
422 2221 441 2297 ό
471 2237 567 2310 θεῖος
597 2223 806 2311 άπόστολος·
840 2235 996 2316 »μιμηταί
1022 2255 1088 2316 μου
1113 2233 1262 2316 γίνεσθε,
1288 2224 1408 2306 καθῶς
1429 2218 1522 2310 κάγῶ

218 2329 398 2411 Χριστοῦτ.

567 2566 623 2632 Nr.
646 2567 772 2633 CXVII.
814 2567 937 2652 Klagel.
951 2566 973 2632 J
975 2589 1065 2632 erem.
1081 2573 1108 2642 4,
1124 2571 1172 2632 21.

166 2746 200 2802 20
298 2722 331 2796 ‘O
362 2725 462 2816 λόγος
493 2725 578 2815 πρὸς
609 2728 688 2812 τούς
719 2733 754 2815 ἐξ
782 2724 888 2818 Ἐδῶμ
918 2735 973 2798 καί
997 2723 1096 2798 Ἡσαῦ
1125 2733 1188 2798 τοῦ
1219 2723 1373 2813 ἀδελφοῦ,
1397 2721 1520 2814 Ἰακώβ,

215 2822 408 2916 ύπερβολήν
433 2822 549 2910 αὐτοῖς
574 2824 819 2916 προαγορεύων
848 2834 965 2898 κακῶν
993 2833 1110 2915 (τοῦτο
1138 2827 1199 2915 γὰρ
1225 2825 1266 2898 τὸ
1289 2824 1520 2917 μεθυσθήσῃ

215 2932 282 2995 καί
312 2921 528 3015 άποχεείς),
559 2932 636 3014 περὶ
667 2918 718 2996 ῶν
746 2949 829 3016 φησι
858 2934 913 2998 καί
937 2932 1049 3012 Δαβίδ·
1082 2924 1278 3015 »μνήσθητς
1309 2925 1415 3014 κύριε,
1446 2935 1520 2998 τῶν

215 3027 301 3094 υίῶν
322 3018 429 3112 Ἔδῶμ
451 3025 515 3114 τήν
535 3021 661 3114 ἡμέραν
680 3019 898 3115 Ἰερουσαλήμ,
921 3034 994 3098 τῶν
1013 3023 1199 3113 λεγόντων·
1223 3029 1408 3111 ίκκενοῦτε,
1431 3030 1520 3097 έκκε-

216 3129 319 3194 νοῦτε
350 3124 413 3206 ἕως
445 3115 485 3194 οῦ
515 3119 533 3196 ό
563 3130 719 3212 θεμέλιος
749 3128 785 3195 έν
817 3121 931 3214 αύτήτ.
979 3122 1122 3212 άδελφοὶ
1149 3123 1211 3214 γάρ
1237 3117 1334 3208 ὄντες
1358 3131 1414 3196 καί
1430 3129 1441 3214 ΙΙ
1457 3133 1520 3214 γεί-
1541 3157 1590 3212 351

164 3243 198 3299 25
216 3250 327 3306 τονες,
358 3221 399 3295 τὸ
431 3222 640 3312 προγονικὸν
672 3221 877 3310 διεφύλαξαν
907 3243 1010 3314 μίσος.
1053 3230 1130 3312 περὶ
1161 3231 1196 3296 δέ
1223 3230 1374 3314 Χριστοῦ
1400 3223 1519 3314 φήσας.

215 3327 261 3403 είς
282 3321 400 3410 καιρὸν
421 3331 477 3393 καὶ
500 3321 626 3412 ταύτης
648 3321 806 3414 ἐμνήσθη.
850 3323 915 3414 τήν
937 3323 999 3413 γάρ
1023 3321 1170 3414 Γήίνον
1184 3330 1520 3414 προσαγορευομένην

214 3432 359 3508 πορθεῖν
382 3425 518 3509 ἔμελλεν
540 3417 559 3493 δ
584 3419 740 3512 Χριστός,
763 3420 923 3512 οῦράνιον
945 3420 1174 3514 ἐργαζόμενος.
1217 3420 1437 3512 ἀπειλητικὸν
1456 3422 1520 3512 γάρ

215 3515 236 3607 ή
271 3516 374 3610 άρετή
411 3551 449 3592 τε
483 3527 540 3592 καὶ
567 3529 690 3610 γνῶσις
721 3522 807 3611 πρὸς
834 3523 915 3605 τούς
943 3529 1174 3611 φιληδοῦντας
1199 3521 1345 3606 πλάναις
1370 3529 1427 3595 καὶ
1457 3521 1520 3594 πά-

214 3625 320 3701 θεσιν,
349 3612 400 3691 ῶν
426 3627 527 3710 μέθη
554 3627 615 3711 μὲν
642 3618 662 3710 ή
684 3627 845 3711 νέκρωσις
867 3627 929 3712 τής
951 3620 1085 3711 σαρκός,
1106 3619 1321 3711 ύπερέκχυσις
1345 3629 1455 3694 δὲκαὶ
1477 3621 1519 3694 τὸ

163 3737 198 3792 30
215 3727 381 3806 νεκρῶσαι
403 3719 529 3808 ταύτης
551 3720 592 3791 τό
616 3717 780 3811 φρόνημα.

300 3888 319 3944 8
336 3889 436 3943 Matth.
456 3891 543 3954 13,14
561 3890 623 3958 Ιίεε.
641 3893 665 3958 6,
677 3892 703 3958 9)
721 3891 777 3962 vgl.
791 3895 831 3960 15,
846 3895 860 3947 7
875 3891 919 3961 (?).
936 3922 970 3932 -
987 3894 1004 3948 5
1021 3893 1110 3948 ΙΚοτ.
1125 3894 1218 3960 12,11.
1236 3923 1269 3934 -
1289 3893 1519 3956 10Heb1.10,1.

214 4002 246 4009 -
268 3973 305 4027 ιε
323 3972 387 4043 υςι
400 3973 476 4028 Rom.
497 3975 535 4037 10,
553 3977 578 4028 ι.
596 4005 629 4013 -
649 3973 687 4030 ιε
705 3977 766 4030 Λα.
786 3977 826 4042 17,
844 3977 885 4032 τε.
903 4006 936 4015 -
956 3978 993 4032 ιι
1013 3977 1025 4030 1
1043 3978 1106 4032 xor.
1126 3981 1166 4044 11,
1184 3982 1208 4033 1.
1226 4007 1259 4016 -
1282 3977 1321 4032 τε
1340 3976 1413 4032 Psal.
1426 3977 1482 4044 136,
1496 3978 1519 4031 τ.
1636 3963 1641 3974 ’

214 4084 245 4093 -
266 4055 304 4112 25
324 4056 520 4128 Vgl.Amosl‚
535 4061 575 4112 11.
593 4089 626 4097 —
645 4058 682 4114 28
700 4058 766 4130 VgL
784 4060 881 4115 Onom.
893 4078 972 4116 sacra
989 4061 1138 4129 1‚192,85:
1155 4056 1298 4129 Ἰδουμαία
1316 4101 1362 4115 ...
1380 4058 1398 4129 ἢ
1414 4062 1520 4130 γήινος.

282 4206 300 4260 2
320 4201 393 4262 οὕτω
406 4209 455 4262 καί
473 4225 489 4262 ο
505 4209 509 4275 Ι
525 4207 544 4263 8
557 4204 697 4265 ἀκούσατε
710 4227 726 4263 ο
742 4209 745 4276 Ι
761 4209 780 4266 5
793 4207 886 4266 πάντα
898 4209 928 4266 δέ
940 4217 1028 4266 ταῦτα
1041 4230 1057 4267 ο
1073 4213 1078 4279 Ι
1093 4207 1215 4282 ἐνεργεῖ]
1226 4207 1301 4270 -Ι-τδ
1315 4227 1331 4265 ο
1346 4210 1351 4276 Ι
1367 4211 1385 4266 8
1398 4209 1518 4278 πνεῦμα]

211 4287 338 4360 χάρισμα
356 4307 372 4345 ο
393 4297 397 4358 Ι
417 4291 436 4348 8
453 4290 497 4362 τδΙ
516 4301 549 4351 <
567 4295 600 4360 ol
617 4294 653 4348 ll
673 4294 730 4362 καίΙ
743 4304 805 4353 <ο
821 4297 825 4364 Ι
842 4294 881 4351 14
898 4291 952 4350 κάν
970 4295 1049 4349 ΒΙεεε
1062 4296 1218 4350 Κοείεσλιου
1237 4294 1293 4364 vgl.
1311 4293 1453 4358 827811
1471 4295 1519 4349 καί

213 4373 265 4428 clo
280 4377 284 4442 Ι
302 4376 338 4430 17
352 4372 521 4446 ἀπόστολος]
532 4386 594 4436 <ο
609 4379 613 4446 Ι
629 4377 667 4432 21
686 4376 910 4450 προσαγορεύων
928 4397 943 4432 υ
958 4383 963 4447 Ι
979 4379 1067 4446 21Ι22
1085 4381 1261 4448 μεθυσθήσει
1278 4380 1326 4434 καί
1338 4375 1516 4448 ἀποχέειςο“

212 4459 251 4514 22
270 4460 340 4530 καίλ]
359 4467 391 4523 -Ι-
410 4457 426 4514 δ
446 4477 462 4514 ο
485 4461 490 4526 Ι
510 4461 547 4516 28
565 4457 721 4526 ἐκκενοῦτε,
740 4459 888 4520 έκκενοῦτε
907 4464 969 4517 Vnt.
989 4481 1028 4534 gr.
1048 4466 1156 4530 1153Ι54
1174 4460 1338 4520 ἐκκενοῦται
1355 4459 1519 4518 ἐκκενοῦται

212 4561 248 4597 οο
268 4547 272 4608 Ι
292 4543 330 4599 24
349 4537 391 4614 αὖ]
410 4553 443 4605 <
461 4561 476 4599 ο
495 4546 498 4611 Ι
519 4543 557 4600 25
575 4547 700 4616 Χριστοῦ
717 4544 747 4602 δέ
768 4563 785 4601 ο
805 4549 810 4616 Ι
829 4547 866 4602 21
887 4547 1006 4617 ἤμελλεν
1025 4566 1041 4604 o
1060 4549 1065 4616 Ι
1086 4547 1122 4602 28
1140 4551 1360 4618 φιληδονοῦντας
1377 4545 1517 4616 υΙπλάνη

212 4645 228 4682 ο
244 4631 248 4696 Ι
264 4625 395 4699 πάθεσιν]
413 4627 531 4698 μέθεσιν
549 4645 572 4684 υ.
