3768 5544
511 571 516 580 Ι
635 497 805 554 11οωὶΗεὶ
840 500 939 555 Jerem.
957 502 998 564 11.
1017 501 1134 568 18-12,
1151 501 1176 556 9.

252 669 370 747 ἐλαβεν
392 659 532 748 δύναμιν
554 656 572 734 ό
595 661 700 752 ἄρτος
721 659 774 734 διά
797 668 860 734 τοῦ
881 660 984 749 ξύλου
1006 671 1068 735 τοῦ
1088 669 1278 752 βληθέντος
1300 668 1345 744 είς
1364 657 1480 747 αύτόν,
1503 661 1558 734 διά

253 767 357 833 τοῦτο
399 754 418 832 ό
454 757 554 849 λόγος
588 768 651 851 τῆς
687 765 901 844 διδασκαλίας
935 761 1042 835 αύτοῦ
1076 769 1255 853 νενέμηται
1291 757 1377 851 όλην
1413 761 1476 852 τὴν
1511 768 1558 835 οί-

251 867 428 949 κουμένην.
473 867 529 932 καὶ
556 857 637 932 τότε
664 859 705 933 τό
732 859 835 947 ξύλον
861 857 902 951 [ό]
931 860 1100 953 σύμβολον
1125 854 1167 952 ἦν
1194 868 1258 934 τοῦ
1283 858 1419 946 πάθους
1445 857 1558 952 Ἰησοῦ,

253 957 295 1032 δι’
311 953 352 1033 οῦ
374 958 415 1032 τό
437 959 561 1050 πικρόν
581 953 675 1049 ῦδωρ
696 962 802 1051 χλυκῦ
823 969 964 1051 γίνεται·
986 963 1052 1050 ἐγὼ
1074 962 1137 1051 γὰρ
1160 967 1248 1051 λέγω
1271 955 1326 1033 ότι
1348 957 1367 1033 ό
1390 957 1493 1050 νόμος
1513 961 1558 1051 μὴ

217 1080 234 1134 5
256 1059 442 1150 νοούμενος
462 1058 585 1148 πικρόν
606 1053 699 1149 ῦδωρ
721 1064 822 1146 ἐστίν,
845 1061 905 1133 ἐάν
927 1067 962 1133 δὲ
983 1063 1068 1149 ἔλθη
1090 1060 1131 1134 τό
1156 1060 1260 1148 ξύλον
1272 1057 1379 1151 Ἰησοῦ
1399 1067 1455 1132 καί
1477 1057 1558 1151 ἡδι-

254 1166 416 1231 δυσκολία
437 1165 500 1232 τοῦ
522 1157 675 1248 σωτῆρός
696 1188 763 1249 μου
783 1160 975 1251 ἐπιδημὴση,
999 1159 1195 1251 γλυκάζεται
1209 1168 1264 1232 καί
1279 1155 1416 1249 ἥδιστος
1431 1169 1559 1250 γίνεται

165 1273 235 1334 2481
254 1255 274 1331 ό
296 1265 449 1344 Μωσέως
471 1267 476 1348 Ι
498 1255 602 1348 νόμος
624 1255 935 1350 ἀναγινωσκόμενος
955 1267 1011 1331 καὶ
1034 1257 1288 1350 γινωσκόμενος.

337 1357 448 1429 Εέπον
479 1349 553 1432 οῦν·
579 1363 692 1430 »δεῦτε
713 1367 769 1430 καί
791 1357 987 1449 ἐμβάλωμεν
1010 1358 1113 1445 ξύλον
1137 1365 1183 1443 είς
1206 1358 1270 1431 τόν
1293 1358 1401 1448 ἄρτον
1424 1355 1558 1431 αύτοῦι.

251 1463 311 1550 113.
340 1464 493 1548 λέγουσιν
516 1464 627 1529 δὲκαὶ
650 1457 691 1529 τό
716 1464 947 1549 »ἐκτρίηωμεν
969 1457 1075 1531 αὐτόν
1096 1455 1165 1532 άπὸ
1187 1465 1247 1548 γῆς
1269 1459 1424 1546 ζώντων,
1445 1459 1557 1531 καὶτὸ
1582 1482 1630 1537 184

201 1577 236 1632 10
254 1551 362 1647 όνομα
386 1553 492 1629 αύτοῦ
517 1554 559 1629 ού
584 1556 628 1647 μὴ
649 1567 785 1648 μνησθῇ
807 1561 887 1630 ἔτει.
929 1555 1043 1643 ούτως
1065 1558 1171 1632 αύτόν
1192 1555 1408 1644 άπίκτειναν,
1440 1556 1488 1642 οῦς
1509 1561 1558 1644 ἐξ·

254 1666 479 1748 αφανίζοντες
501 1654 607 1730 αύτοῦ
631 1656 672 1731 τό
696 1649 813 1746 ὄνομα.
855 1655 942 1731 ἄλλά
964 1653 983 1730 ό
1004 1655 1125 1748 Ἰησοῦς
1148 1659 1240 1732 οἶδεν
1261 1665 1336 1740 πῶς
1350 1655 1560 1748 ἀποθνῄσκει

252 1765 310 1830 καὶ
336 1756 391 1829 διόι
416 1763 457 1828 τί.
500 1753 553 1829 διό
579 1781 690 1848 φησιν·
725 1757 801 1830 »ἐὰν
826 1757 871 1848 μὴ
898 1753 917 1830 ό
944 1755 1069 1842 κόκκος
1090 1764 1153 1830 τοῦ
1174 1766 1271 1830 σίτου
1293 1759 1409 1830 πεσοόν
1430 1763 1475 1842 είς
1496 1757 1560 1848 τὴν

253 1863 317 1948 γῆν
346 1855 522 1945 ἇποθάνη,
554 1854 657 1940 αύτός
683 1854 787 1948 μόνος
813 1864 917 1948 με’νει·
947 1857 1006 1930 ἐάν
1033 1863 1069 1929 δέ
1090 1855 1265 1946 ἀποθάνῃ,
1295 1858 1406 1930 πολῦν
1427 1856 1561 1946 καρπόν

255 1963 384 2049 φέρειν
408 1954 497 2029 ὥστε
518 1951 537 2028 ό
558 1953 712 2039 θάνατος
727 1963 791 2030 τοῦ
805 1955 909 2047 Ἰησοῦ
923 1955 1045 2046 στάχυς
1059 1965 1155 2028 σίτου
1171 1963 1298 2047 γίνεται
1311 1965 1425 2029 ποιῶν
1438 1966 1561 2029 πολλα-

203 2073 235 2127 15
252 2063 420 2129 πλασίονα
449 2062 505 2128 καί
534 2055 705 2144 πολύχουν
735 2055 776 2129 τό
809 2061 1027 2146 ἐσπαρμένον.
1078 2053 1126 2139 τίς
1156 2062 1185 2127 εί
1212 2053 1292 2128 καθ’
1319 2053 1486 2129 ῦπόθεσιν
1514 2057 1560 2148 μη

253 2153 449 2246 ἐσταύρωτο
469 2161 551 2245 μηδὲ
573 2153 744 2245 τεθνήκει,
767 2157 893 2245 ἔμεινεν
916 2154 959 2227 ἂν
979 2153 1084 2245 μόνος
1107 2151 1126 2227 ό
1147 2153 1271 2238 κόκκος
1293 2161 1356 2228 τοῦ
1380 2164 1483 2242 σίτου,
1504 2164 1561 2228 καί

253 2263 378 2330 πολλοὶ
405 2252 466 2328 οῦκ
491 2259 650 2344 ἐχένοντο
677 2259 712 2340 ἐξ
739 2252 853 2327 αῦτοῦ.
895 2251 1037 2344 πρόσχες
1059 2247 1121 2326 οῦν
1144 2251 1250 2327 αύτοῦ
1272 2263 1315 2345 τῇ
1338 2261 1437 2342 λέξει,
1467 2259 1495 2326 εί
1515 2255 1560 2345 μὴ

253 2362 358 2430 τοῦτο
380 2353 580 2444 βεβούληται
602 2361 722 2444 λέγειν·
747 2350 784 2427 »ό
806 2351 929 2438 κόκκος
951 2361 1015 2427 τοῦ
1035 2362 1131 2427 σίτου
1152 2355 1212 2426 ἐάν
1232 2353 1278 2444 μὴ
1299 2357 1414 2427 πεσών
1435 2359 1481 2438 εἰς
1496 2355 1561 2445 τὴν

254 2463 318 2547 γῆν
345 2452 518 2541 άποθόνη,
551 2451 655 2538 αύτὸς
680 2452 785 2543 μόνος
809 2460 911 2545 μένει·
943 2453 1002 2525 ἐάν
1028 2460 1064 2525 δέ
1090 2450 1265 2540 άποθάνη,
1296 2454 1407 2526 πολύν
1427 2455 1561 2543 καρπόν

201 2567 236 2623 20
255 2560 379 2646 φέρετε·
412 2549 431 2625 ό
453 2551 606 2638 θάνατος
627 2561 691 2627 τοῦ
710 2550 813 2645 Ἰησοῦ
834 2551 980 2637 τούτους
1000 2550 1134 2636 πάντας
1155 2550 1447 2643 ἐκαρποφόρησεν,
1475 2561 1504 2626 εί
1524 2560 1561 2625 δέ

254 2649 273 2728 ό
296 2651 449 2736 θάνατος
477 2653 696 2742 το<σο>ύτους
716 2650 988 2742 ἐκαρποφόρησε,
1009 2649 1138 2736 πόσους
1160 2650 1415 2743 καρποφορήσει
1437 2649 1457 2744 ἦ
1479 2649 1561 2725 άνά-

255 2777 384 2838 σταοις,·

335 2865 365 2925 4.
391 2851 510 2940 »Κύριε
532 2857 606 2922 τῶν
628 2850 804 2943 δυνάμεων
825 2860 954 2940 κρίνων
976 2858 1101 2937 δίκαια,
1125 2848 1316 2940 δοκιμάζων
1339 2853 1483 2938 νεφρούς
1504 2861 1560 2925 καί

253 2957 405 3042 καρδίας,
436 2956 538 3040 ίδοιμι
568 2950 633 3040 τὴν
663 2953 756 3042 παρὰ
786 2958 847 3024 σοῦ
876 2957 1045 3040 ἐκδίκησιν
1075 2955 1111 3037 ἐξ
1144 2947 1289 3021 αῦτοῦντ.
1337 2959 1561 3042 προφητικῶς

201 3061 235 3116 26
254 3059 362 3126 ταῦτα
385 3043 529 3139 εὔχεται,
551 3053 635 3122 ίδεῑν
657 3050 721 3141 τὴν
743 3050 834 3140 παρὰ
856 3057 919 3124 τοῦ
940 3057 1025 3122 θεοῦ
1046 3055 1214 3138 ἐκδίκησιν
1235 3053 1271 3136 ἐξ
1299 3046 1430 3122 αύτοῦν·
1458 3050 1561 3123 »κεκύ

252 3165 385 3226 κλωται
406 3151 469 3242 χάρ
489 3148 557 3223 ῦπό
579 3155 822 3239 στρατοπέδων
844 3147 864 3240 ἡ
884 3147 1107 3240 Ἰερουσαλήμ,
1129 3155 1185 3220 καί
1205 3145 1339 3239 ἤχχισεν
1357 3145 1378 3240 ἦ
1399 3147 1561 3239 ἐρήμωσις

252 3250 376 3344 αύτῆς,
399 3257 454 3322 καί
475 3254 604 3339 είρηται
624 3246 726 3339 ούτῇ·
753 3249 845 3321 »ἰδοῦ
867 3245 1003 3338 α’φίεται
1023 3248 1102 3338 ῦμίν
1116 3244 1135 3320 ό
1151 3249 1243 3332 οίκος
1256 3244 1382 3337 ῦμῶνι.
1421 3253 1557 3340 »ίδοιμκ

253 3345 315 3425 οῦν
350 3350 432 3440 »τὴν
457 3348 549 3437 παρὰ
577 3355 638 3421 σοῦ
666 3353 834 3437 ἐκδίκησιν
865 3353 902 3420 ἐν
932 3345 1061 3435 αῦτοῑς,
1096 3343 1151 3421 ότι
1180 3346 1266 3436 πρός
1296 3353 1331 3418 σέ
1360 3345 1562 3437 άπεκάλυψα

255 3449 296 3524 τό
328 3447 491 3538 δικαίωμά
520 3478 593 3540 μου.
648 3447 702 3519 διά
732 3454 839 3520 τοῦτο
869 3446 949 3522 τάδε
983 3455 1069 3538 λέχει
1097 3448 1212 3536 κύριος
1244 3453 1300 3520 ἐπί
1328 3448 1408 3531 τοῦς
1437 3447 1562 3536 ἄνδρας

202 3563 236 3618 30
254 3548 417 3624 Ἀναθὼθ
439 3548 520 3632 τοῦς
541 3555 730 3638 ζητοῦντας
752 3547 816 3639 τὴν
837 3547 948 3640 ψυχήν
968 3579 1045 3640 μου,
1068 3549 1149 3633 τοῦς
1171 3555 1344 3638 λέχοντας·
1366 3543 1407 3618 οῦ
1421 3547 1465 3637 μὴ
1479 3575 1562 3637 προ-

341 3738 355 3791 ι
375 3735 440 3807 vgl.
458 3737 518 3790 εει.
529 3735 555 3802 ε,
567 3735 608 3792 30.
630 3765 664 3774 -
689 3736 727 3792 12
746 3735 915 3800 2021224.
931 3767 966 3778 -
984 3735 1051 3793 εει.
1069 3736 1133 3808 vgl.
1151 3735 1342 3801 Matth.13,2
1359 3763 1394 3774 -
1412 3734 1480 3791 τοι.
1500 3735 1562 3807 τρι

255 3821 317 3877 Joh.
330 3821 370 3887 12,
383 3821 424 3876 24.
443 3851 476 3860 -
494 3819 533 3876 ιε
548 3821 609 3876 Joh.
622 3821 662 3886 12,
675 3823 718 3878 24.
735 3849 770 3860 -
788 3820 866 3880 νοτε
885 3821 949 3893 vgl.
967 3821 1034 3877 εει.
1046 3822 1089 3888 21,
1106 3822 1147 3878 20.
1165 3851 1199 3860 -
1217 3819 1255 3875 22
1274 3819 1374 3875 εοεαε
1386 3821 1429 3884 23,
1442 3821 1482 3877 τε.

341 3987 385 4054 lt!
402 3985 447 4044 διὰ
467 3986 563 4056 τοῦτο]
585 3991 652 4040 tuno
670 3985 696 4040 H
715 3987 720 4054 Ι
739 3986 788 4053 814
804 3988 1013 4059 καί-γίνεται]
1030 3988 1066 4042 In
1083 3988 1162 4058 ειηύε
1178 3987 1272 4056 βηυτα
1288 3991 1312 4040 εί
1328 4003 1402 4054 aqua
1418 3985 1452 4038 in
1475 3985 1564 4040 Vatari

257 4073 421 4128 Ἰίτείοκιωιίο
438 4071 475 4124 ad
490 4075 593 4124 ίοσίαω
610 4071 683 4139 ίίμνιῦ
691 4071 782 4125 dahis
793 4071 886 4140 effecta
902 4073 975 4128 εείΗ
989 4075 994 4142 Ι
1009 4066 1139 4144 ῦἸησοῦ]
1151 4080 1184 4137 -ί-
1200 4071 1307 4128 ebriati
1314 4069 1341 4125 H
1355 4073 1360 4137 Ι
1375 4070 1459 4140 8καί]
1469 4079 1502 4130 <
1514 4067 1540 4123 H
1557 4071 1561 4137 ί

256 4156 345 4224 14115
367 4155 522 4224 septuptum
543 4161 568 4210 et
588 4155 674 4209 multo
690 4156 812 4224 οωμίίιιε
829 4157 856 4211 Η
878 4159 883 4226 Ι
909 4156 947 4214 15
966 4152 1006 4223 όις
1023 4155 1051 4213 εί
1065 4153 1133 4214 καθ’
1150 4152 1297 4226 ὑπόθεσιν]
1315 4155 1470 4223 ῦϊαμιιωιιε
1487 4155 1563 4208 enim

252 4241 397 4310 paulisper
414 4239 439 4293 H
459 4241 462 4306 Ι
485 4239 523 4296 18
544 4237 614 4309 μηδέ
634 4241 774 4312 τεθνήκει]
799 4243 838 4311 μη
861 4241 892 4299 δέ
913 4245 1043 4312 τεθνήκει
1060 4241 1077 4297 S
1100 4259 1184 4311 περιτο
1197 4247 1260 4310 post
1276 4244 1390 4294 mortem
1407 4239 1444 4291 αδ
1459 4239 1563 4305 inferos

254 4325 454 4380 δοεοτκάιεειΗ
470 4327 475 4394 Ι
490 4325 527 4380 17
539 4321 682 4395 ἐγίνοντο]
693 4321 845 4396 ἐγίνοντοθ
860 4329 865 4394 1
882 4321 1499 4398 181ἐγειν]τςλΗε(σοίῦιί)ίνίείίερτ’λέχωνθ
1510 4322 1560 4390 121
1634 4323 1640 4336 ”

255 4409 418 4480 τοσούτους]
435 4409 493 4479 vgl.
510 4407 548 4464 H:
566 4413 657 4464 ίαιιίσε
675 4409 777 4479 (attulit
793 4411 895 4481 fmqes)
910 4413 915 4482 Ι
930 4409 1184 4484 ἐκαρποφόρησεὲ
1201 4409 1294 4480 8124
1313 4406 1406 4465 αὐτῶν
1423 4409 1461 4464 Co
1478 4410 1519 4463 eis
1536 4407 1562 4462 H

257 4491 346 4550 αθτοῦ
362 4493 380 4548 S
403 4495 408 4562 Ι
430 4493 466 4549 25
488 4491 567 4567 παρὰ
589 4501 642 4550 τοῦ
658 4495 738 4566 θεοῦ]
756 4497 833 4566 apud
847 4496 959 4552 Patrem
975 4496 1002 4551 H
1025 4498 1030 4565 Ι
1053 4494 1092 4551 22
1114 4497 1163 4551 καί
1180 4489 1290 4566 εἴρηται
1307 4490 1388 4564 αὐτῇ]
1406 4498 1430 4548 τί
1446 4493 1477 4547 id
1493 4491 1564 4562 ραοδ

256 4577 683 4647 δίοίυωοδιατοβιιεταί....
702 4576 1307 4650 οοοεμίείατπωίΗΙῦμῶνῙ-ί-ιίεεετίσΗ
1326 4579 1331 4648 Ι
1351 4574 1562 4648 θθέναίποΐς]

255 4663 287 4720 ἀν
304 4663 344 4718 eia
362 4661 395 4717 H.
