3694 5542
636 462 758 518 Homilie
775 461 833 518 XX.
867 463 967 528 Jerem.
984 463 1025 530 20,
1044 463 1135 518 7-12.
1479 461 1537 527 183

234 622 480 716 ἀπολλυμένων
503 621 654 715 διγάμων
674 634 731 698 καὶ
753 625 807 698 διὰ
829 623 894 715 τήν
915 623 1051 714 ἀπάτην
1070 620 1282 713 καθαρεύειν,
1305 616 1327 709 6
1349 620 1390 693 τό
1414 616 1540 709 ἀληθὲς

233 729 415 814 ἐγνωκέναι
429 731 485 796 καὶ
501 731 539 796 ἐν
553 723 713 798 ἐλάττονι
732 733 906 815 γεγονέναι
921 733 972 814 τῷ
988 731 1062 797 τῶν
1077 721 1228 848 διγάμων
1241 718 1396 810 τάγματι.
1427 724 1540 790 τοιοῦ-

234 820 297 943 τόν
317 854 352 896 τι
373 821 521 913 εῦρήσεις
541 831 597 896 καί
619 829 675 897 ίπί
694 854 805 898 τινων
827 822 1028 898 ἀσκούντων
1049 824 1114 914 τὴν
1132 819 1267 912 ἁγνείαν
1282 827 1338 891 καί
1353 818 1418 909 τήν
1433 827 1540 889 καθα-

233 921 364 1013 ρότητα
375 923 451 1045 ’τήν
473 930 635 1016 παντελῆ.
678 921 888 997 πολλάδ’”
869 955 912 997 αν
933 930 989 995 καὶ
1011 923 1099 996 ἀλλα
1121 921 1272 1012 εὑρεθείη
1295 918 1382 990 κατὰ
1405 914 1542 1006 ἀπάτην

198 1045 214 1096 5
233 1019 294 1110 ἀφ’
318 1019 415 1114 ήμῶν
436 1023 595 1114 γινόμενα
614 1031 670 1096 καὶ
685 1021 925 1112 666606666‘
905 1032 997 1115 ημᾶς.
1033 1019 1135 1095 πόσοι
1150 1027 1186 1092 66
1201 1013 1415 1112 νομιζόμενοι
1430 1023 1541 1136 σοφοί,

233 1117 389 1211 εῦρόντες
420 1122 462 1194 τὸ
491 1131 568 1210 περὶ
603 1122 774 1206 κολάσεως
804 1120 930 1214 ἀληθες
960 1131 1015 1194 καὶ
1045 1119 1241 1204 διελθόντες
1271 1125 1377 1208 δῆθεν
1406 1113 1450 1187 τὰ
1482 1119 1542 1204 τῆς

232 1219 433 1312 ἀπάτης,ν
396 1228 433 1294 66
454 1231 580 1312 χείρονι
595 1220 750 1344 γεγόνασι
764 1229 845 1314 βίφ;
865 1229 997 1296 ἒέλυσιτ
998 1234 1047 1295 λει
1063 1219 1187 1304 αύτούς
1202 1237 1352 1308 φρονεῖν,
1376 1245 1424 1298 ως
1441 1209 1542 1301 6666-

233 1350 315 1442 νοῦν
344 1320 516 1412 πρότερον
546 1330 621 1410 περὶ
651 1331 716 1396 τοῦ
749 1318 785 1396 »6
812 1323 948 1412 σκώληξ
975 1318 1091 1393 αῦτῶν
1112 1318 1154 1392 ού
1175 1316 1382 1408 τελευτήσειε
1407 1321 1463 1386 καί
1486 1306 1541 1384 ότι

237 1420 295 1493 »τό
320 1429 389 1512 πῦρ
416 1419 534 1494 αύτῶν
560 1418 601 1494 οῦ
626 1421 861 1514 σβεσθήσεταιι
890 1431 946 1494 καί
972 1416 1027 1494 ότι
1057 1424 1210 1493 »ἔσονται
1233 1411 1325 1502 είς”
1306 1438 1440 1586 ορασινέ
1452 1411 1542 1500 πάσῃ

184 1541 216 1596 10
233 1529 346 1610 σαρκί(
375 1515 481 1593 266⁰
461 1551 517 1594 οτι
546 1521 599 1593 >66
628 1522 755 1612 ἄχυρον
779 1520 1076 1612 κατακαυθήσεται
1101 1526 1183 1608 πυρί
1210 1515 1383 1606 ἀσβέστω<.
1425 1513 1543 1586 ἐὰνδὲ

149 1635 215 1692 318v
233 1619 318 1692 ἀλλο
345 1650 378 1692 τι
406 1628 661 1709 φαντασθέντες
681 1623 773 1710 παρὰ
796 1621 860 1712 τήν
880 1621 1026 1712 πρώτην
1048 1631 1053 1706 1
1077 1615 1195 1692 αύτοῦν
1220 1621 1396 1691 ἔννοιαν»
1384 1620 1543 1703 »μέλλωσι

234 1726 298 1792 τοῦ
326 1720 482 1793 πλούτου
513 1729 574 1812 τῆς
605 1719 838 1812 χρηστότητος
868 1727 932 1794 τοῦ
960 1727 1046 1792 θεοῦ
1075 1727 1131 1792 καί
1161 1724 1223 1809 τῆς
1249 1713 1373 1806 ἀνοχῆς
1398 1721 1454 1786 καί
1481 1717 1542 1800 τής

233 1828 468 1942 μακροθυμίας
497 1840 748 1912 καταφρονεῖν,
780 1815 843 1912 όρα
874 1828 903 1893 εί
927 1821 972 1912 μή
999 1817 1141 1911 ἀληθοῦς
1168 1817 1221 1889 διὰ
1249 1823 1369 1900 τοῦτο,
1401 1819 1472 1887 ἐπεὶ
1497 1811 1542 1914 66

235 1921 354 2006 ἔδοξαν
379 1915 590 2010 ῆπατῆσθαι,
617 1920 842 2011 έθησαύρισαν
869 1919 985 2004 αῦτοῑς
1015 1916 1139 2010 »ἀργήν
1165 1923 1202 2042 66
1228 1909 1380 2008 ἡμέρᾳ
1361 1919 1462 2004 θθγῆς
1488 1920 1544 1983 καὶ

184 2039 216 2092 15
235 2015 482 2140 ἀποκαλύψεως
507 2027 563 2090 καί
590 2026 828 2110 δικαιοκρισίας
850 2029 913 2094 τοῦ
935 2027 1054 2106 θεοῦι,
1082 2017 1144 2092 οῦκ
1166 2015 1209 2088 66
1230 2023 1495 2106 θησαυρίσαντες
1517 2015 1545 2082 εί

235 2114 471 2208 ἠπατήθησαν.
501 2126 609 2191 ταῦτα
625 2120 733 2191 διὰ
695 2149 759 2211 την
776 2119 843 2194 ἀπό
859 2117 981 2193 θεοῦ
960 2118 1104 2209 απάτην,
1121 2125 1192 2190 έπεί
1207 2109 1334 2188 εἶπενζ
1316 2145 1334 2186 ο
1350 2109 1542 2203 προφήτης·

238 2213 431 2308 νήπάτησάς
451 2248 503 2309 με,
526 2217 631 2309 κύριε,
653 2227 710 2292 καί
731 2216 945 2311 ῆπατήθηνι

318 2323 550 2409 Παρίλθωμεν
565 2325 601 2391 66
615 2324 682 2412 ίδίηι
696 2327 752 2390 καί
762 2318 887 2410 <είς>
851 2349 892 2392 το
911 2315 1144 2410 ›66666666‹.
1175 2315 1229 2387 δια
1238 2323 1273 2387 τί
1283 2341 1344 2387 ουκ
1353 2308 1477 2384 είπε
1435 2338 1543 2401 μονον

235 2415 277 2490 τὸ
302 2413 497 2508 νῆπάτησάς
515 2447 564 2508 με,
586 2416 708 2505 κύριει,
731 2415 820 2492 αλλα
833 2425 1026 2509 προσέθηκε
1039 2426 1095 2491 καὶ
1110 2446 1151 2489 το
1178 2411 1416 2506 νῆπατῆθηνι;
1451 2413 1543 2481 ἔστιν

184 2533 219 2592 20
236 2521 384 2590 ένίοτεέ
383 2523 545 2607 πινοῆσαι
560 2522 641 2606 [τι]’
627 2517 831 2608 ενεργοῦντά
852 2549 932 2590 τινα
953 2518 1018 2607 τῆν
1033 2515 1177 2607 ἀπάτην,
1200 2515 1309 2588 ἀλλον
1324 2519 1360 2583 66
1376 2505 1542 2599 φυλασσό-

235 2646 338 2708 μενον
361 2614 582 2707 ἀπατηθῆναι
603 2625 658 2689 καί
681 2614 743 2691 οῦκ
764 2615 1001 2709 ἀπατώμενον.
1037 2612 1123 2689 όταν
1144 2612 1214 2688 666
1235 2621 1297 2703 μὲν
1318 2608 1478 2702 ίνεργήση
1501 2607 1543 2680 τὸ

237 2713 385 2800 ἀπατᾶν,
417 2711 499 2788 666
528 2715 574 2808 66
605 2716 795 2808 φυλάξηται
826 2717 866 2790 τὸ
899 2716 1119 2840 ἀπατηθῆναι
1148 2711 1227 2788 ἀλλ’
1255 2717 1380 2882 666666
1407 2717 1454 2792 εἰς
1480 2707 1545 2798 τὴν

237 2813 384 2906 ἀπάτην,
407 2820 495 2888 ε’ίποι
511 2815 566 2887 ἀν·
592 2813 784 2906 »ῆπάτησάς
799 2845 848 2904 με,
870 2817 971 2938 κύριε,
993 2824 1049 2888 καὶ
1064 2813 1299 2932 ῆπατῆθηνι.
1313 2815 1380 2901 ἐγω
1366 2813 1432 2880 66
1450 2805 1544 2899 γενό-

235 2943 336 3005 μενος
357 2914 446 2988 κατὰ
467 2912 532 2987 τόν
554 2914 665 2987 τόπον
686 2926 743 2988 καί
765 2915 907 2989 τοιαῦτά
929 2945 1008 2989 τινα
1029 2921 1154 3006 εἴποιμι
1170 2906 1300 3003 <666
1292 2906 1381 2983 έάν
1395 2913 1474 2998 λέχη
1488 2933 1545 2996 μοι

185 3039 255 3094 25⁰
285 3009 376 3102 ὄφις,
407 3011 472 3086 κάν
499 3013 611 3105 ἀληθῆ
632 3045 689 3104 μοι
711 3015 853 3106 λέγη“
812 3046 877 3088 καν
899 3013 1036 3088 ἀπατᾶν
1056 3043 1097 3106 με
1117 3020 1216 3102 θέλη,
1239 3009 1418 3100 ῦφορῶμαι
1440 3003 1545 3077 αύτοῦ

238 3114 319 3198 τοῦς
340 3110 463 3205 λόγους
484 3112 689 3204 πειθόμενος
711 3109 775 3200 ότι,
798 3121 865 3188 ειτε
883 3112 1000 3209 ἀπατᾷ
1014 3145 1053 3206 με
1069 3119 1136 3186 είτε
1152 3110 1318 3202 ἀληθεύει,
1340 3105 1483 3196 βλάπτει
1496 3133 1544 3194 με.

236 3210 337 3286 καί“
318 3243 338 3304 6
366 3210 510 3304 ἀλήθεια
532 3212 599 3336 γάρ
625 3213 732 3286 αῦτοῦ
752 3213 909 3301 βλάπτει
937 3189 1036 3337 06666
1059 3209 1277 3336 ἀφέλιμον’
1257 3210 1325 3284 απὸ
1348 3214 1411 3281 τοῦ
1433 3199 1546 3292 όφεως

238 3320 376 3404 γίνεται,
397 3317 501 3384 ἐπεὶ»
489 3313 546 3404 »μῆ
568 3313 710 3387 δύναται
722 3320 863 3435 δένδρον
881 3315 1036 3405 πονηρὸν
1051 3314 1202 3402 καρπούς
1217 3309 1367 3402 ἀγαθούς
1381 3312 1545 3394 ἐνεγκεῖν·

239 3413 340 3485 οέάν
370 3419 406 3484 δὲ
436 3420 515 3502 λέγῃ
544 3442 601 3503 μοι
628 3409 647 3486 6
673 3414 755 3497 θεὸς
783 3421 839 3486 καὶ
869 3423 1044 3504 πείθωμαι
1071 3407 1126 3485 ότι
1152 3409 1233 3496 θεός
1260 3401 1397 3482 ἐστινι
1378 3435 1397 3479 ο
1424 3409 1543 3493 λέγων,

187 3443 372 3604 306666666
395 3518 460 3600 είμι
481 3516 638 3602 παρέχειν
654 3515 696 3603 1Ιέ
697 3511 836 3604 μαυτόν.
878 3511 1051 3604 ἀληθεύει,
1076 3519 1221 3602 δέχομαι·
1249 3507 1386 3582 ἀπατᾶν
1407 3533 1448 3597 με
1468 3501 1544 3592 βού-
1566 3525 1617 3583 266
1685 3535 1691 3544 ·

323 3667 366 3734 16
386 3666 476 3737 vglss
468 3686 498 3721 m
515 3669 579 3724 Luc.
597 3669 930 3739 flom.17(1.05151):
959 3670 1030 3725 Puto
1053 3669 1126 3724 enim
1148 3681 1382 3738 monogamumo
1366 3660 1546 3731 obvirginem

239 3755 268 3806 ε6
284 3769 355 3820 oum,
375 3752 421 3821 qui
439 3752 468 3805 in
486 3752 650 3809 castimonia
665 3757 830 3824 perseverat,
848 3771 906 3808 εεεε
923 3755 958 3809 de
974 3753 1091 3809 ecclesia
1107 3753 1169 3817 Dei;
1188 3769 1250 3808 oum
1267 3768 1333 3806 vero
1351 3747 1399 3818 qui
1417 3747 1453 3801 sit
1468 3745 1545 3815 diga-

240 3855 324 3890 mus.
377 3853 460 3893 ,esse
486 3837 520 3891 de
547 3838 666 3892 seeundo
693 3837 781 3910 gradu
804 3841 832 3894 εί
854 3839 888 3894 66
910 3838 965 3904 his,
992 3838 1038 3908 qui
1056 3838 1189 3894 invocem
1205 3852 1307 3890 nomen
1324 3831 1436 3888 Domini
1454 3832 1483 3884 εί
1500 3827 1548 3898 qui

240 3877 383 3976 salvank6r
399 3921 535 3992 quidem·
526 3941 556 3976 ln
574 3923 685 3978 nomine
703 3924 767 3978 ίειιι
784 3923 893 3990 christi,
915 3939 1090 3992 nequaquam
1107 3925 1201 3976 tamen
1219 3921 1386 3975 ooronantur
1403 3915 1438 3969 ab
1456 3931 1496 3968 εο.
1514 3943 1547 3952 -

239 4005 295 4062 56
312 4005 404 4076 vglss
395 4025 424 4060 m
442 4006 542 4062 6661.
554 4005 630 4062 Tom.
644 4009 683 4071 17,
698 4009 730 4063 19
748 4007 833 4076 (Ιιοί,
848 4009 919 4074 126:
938 3999 1058 4064 ὅσον
1026 4025 1077 4062 ουν
1095 3999 1247 4078 ἄνθρωποί
1264 3999 1350 4072 ἐσμεν
1367 4003 1416 4056 καί
1434 3996 1546 4065 οὐσυμ-

240 4087 321 4162 φέρει
346 4089 414 4160 ἡμῖν
439 4089 490 4146 τὸν
513 4096 636 4148 πλοῦτον
657 4101 706 4160 τῆς
726 4092 918 4164 χρηστότητος
940 4099 992 4148 τοῦ
1012 4095 1129 4147 θεοῦ..
1142 4079 1401 4160 μκεκρυμμένης
1387 4101 1425 4140 υπ
1426 4077 1547 4147 'safwfi

237 4169 286 4230 ’ίνα
313 4175 352 4244 μή
378 4179 545 4282 βλαβῶμενχ
565 4180 701 4248 θεωρεῖν,
724 4172 887 4247 ἀναγκαίως
913 4171 1054 4244 ὡμοιώθη
1077 4174 1241 4249 ήβασιλεία
1258 4178 1316 4228 τῶν
1334 4163 1506 4242 οὐρανῶν’
1490 4187 1546 4223 αν-

241 4255 369 4333 θρώπφ
390 4256 545 4331 βασιλεῖ,”
533 4280 579 4317 ινα
597 4257 765 4331 ἀνθρώποις
781 4255 920 4330 λαλήσῃ
906 4278 946 4326 ως
963 4253 1119 4332 ἄνθρωπος
1133 4263 1243 4315 κτλ.-
1260 4257 1319 4313 811.
1337 4256 1391 4311 ίεε.
1402 4257 1444 4322 66,
1457 4255 1498 4310 24.
1514 4282 1547 4289 -

241 4345 279 4400 16
296 4341 515 4413 6166666.
534 4347 567 4399 12
594 4345 706 4409 1663,
725 4346 765 4400 17.
792 4375 825 4384 -
854 4345 890 4401 11
916 4343 979 4414 Vgl.
998 4345 1077 4399 1616
1095 4345 1119 4411 2,
1137 4347 1161 4398 4.
1185 4372 1218 4382 —-
1241 4342 1281 4398 14
1303 4340 1367 4411 Vgl.
1385 4341 1462 4395 Rom.
1480 4340 1504 4402 2,
1523 4339 1547 4393 5.

241 4457 274 4466 -
292 4428 331 4483 28
350 4428 413 4497 Vgl.
431 4429 531 4486 Matth.
550 4433 574 4496 λ,
592 4431 633 4485 18.

326 4545 345 4603 ό
363 4545 501 4617 γινόμενα
514 4547 593 4600 Βίοεε
605 4546 747 4618 γενόμενα
759 4547 777 4601 θ
793 4549 796 4614 Ι
814 4546 850 4603 ll
865 4541 978 4604 έννοιαν
989 4545 1112 4616 μέλλωσι
1124 4545 1200 4602 Diels
1212 4545 1374 4600 Lietzmann
1386 4539 1417 4599 ἐν
1430 4533 1473 4610 οίς
1483 4543 1547 4611 μέλ-

241 4635 322 4686 λουσι
338 4630 357 4684 S
372 4632 376 4699 Ι
393 4630 432 4685 14
450 4625 547 4697 αύτοῖς
559 4631 603 4685 Hu
616 4627 741 4697 αῦτοῑςθ
756 4632 760 4698 ῐ
777 4630 815 4686 18
833 4628 875 4696 είς
892 4633 965 4686 nach
977 4632 1134 4687 Koebschau
1149 4633 1154 4699 Ι
1170 4631 1209 4686 22
1227 4626 1335 4700 έμπέση
1347 4629 1373 4684 V
1386 4625 1506 4698 ἐμπέσοι
1522 4629 1547 4683 S.
