3658 5566
309 461 369 523 260
710 450 848 522 (λάβεσθέ
868 449 1226 522 Klagelioderkommentar.

309 616 459 742 ἐλάλησε
478 613 522 686 τά
548 613 635 686 κακά
661 618 770 684 ταῦτα
796 617 843 695 είς
870 611 934 685 τόν
957 612 1070 686 τόπον
1091 620 1229 700 τοῦτον,
1252 623 1307 687 καὶ
1329 615 1537 708 ίπὴγαγε’
1495 651 1620 712 κυριος,

309 715 364 794 ότι
393 713 561 808 ἡμάρτετε
587 709 714 802 αάτῷι.
757 717 824 796 πᾶς
853 706 915 784 οὖν
942 711 1100 786 άπιστῶν
1126 720 1169 802 τῇ
1195 724 1301 806 κρίσει
1323 725 1398 790 τῶν
1427 719 1621 811 ῥημάτων

308 817 447 892 τούτων
473 811 662 886 άκοάσεται,
705 808 834 894 πάντες
861 819 923 902 μὲν
945 805 1008 886 οὖν
1030 817 1063 884 οὶ
1084 818 1262 904 προφῆται
1284 821 1394 888 ταῦτα
1414 813 1619 938 προῦλεγον.

309 915 391 1006 ίξ“
371 921 528 1009 ημεροόν
549 919 585 984 δὲ
608 910 788 1000 άρχαίων
811 906 974 1002 όΜωσῆς
995 917 1032 984 ίν
1054 942 1106 1003 τῳ
1088 919 1377 1006 ’Δευτερονομίφ
1394 925 1502 990 ταῦτα
1518 951 1618 1010 προε·

275 1032 291 1085 5
309 1017 464 1111 μήνυσεν.

685 1164 741 1232 Nr.
764 1165 843 1232 LIX.
886 1166 1008 1252 Klagel.
1024 1165 1137 1234 Jerem.
1153 1175 1181 1248 λ,
1198 1173 1243 1236 18.

387 1315 500 1390 Ἔστιν
521 1309 580 1386 ότε
602 1323 804 1404 περιπαθεῖς
826 1308 847 1401 ἡ
868 1311 981 1402 γραφὴ
1006 1312 1087 1394 τούς
1109 1309 1232 1400 λόγους
1253 1334 1347 1387 ποιεῖ
1365 1324 1420 1388 καί
1439 1337 1511 1400 τοῖς
1527 1316 1618 1392 άναι-

309 1415 452 1509 σθὴτοις
475 1422 613 1487 δίδωσιν
637 1419 804 1502 αἴσθησιν,
827 1407 1037 1500 άλλομένους
1059 1440 1096 1482 τε
1118 1414 1263 1496 βουνοὺς
1285 1412 1465 1506 εἰσάγουσα
1482 1427 1537 1490 καὶ
1553 1413 1616 1510 όρη

309 1523 517 1608 σκιρτῶντα,
548 1521 605 1585 καὶ
637 1510 779 1598 βουνοὺς
813 1521 869 1581 καὶ
899 1517 1021 1594 λίθους
1049 1510 1266 1601 μαρτύρεται·
1296 1508 1400 1607 ὅπερ
1396 1521 1449 1589 ἐν
1480 1517 1618 1602 τούτοις

258 1629 290 1683 10
309 1613 490 1693 αδονατον
522 1619 585 1686 τοῦ
616 1608 827 1701 τείχους(
806 1610 874 1684 υπὸ
901 1619 1078 1700 πολεμίων
1103 1607 1167 1732 ἤδη
1193 1621 1441 1735 καθῃρημένου.
1482 1637 1615 1706 τεῖχος

310 1710 373 1790 οὖν
394 1721 546 1788 ἐνταῦθα
567 1709 720 1832 βμσιλεός
742 1740 779 1782 τε
801 1717 857 1781 καὶ
878 1709 1038 1799 ἄρχοντες
1060 1705 1155 1782 καί“
1136 1735 1209 1784 οσοι
1225 1710 1362 1802 δυνάμει
1377 1714 1509 1805 ταύτην
1522 1747 1615 1808 περι·

309 1823 525 1904 τειχίζοντες,
558 1842 617 1894 ους
647 1805 738 1897 άξιοί
763 1817 853 1899 χέειν
881 1819 1062 1896 μετανοίας
1085 1805 1287 1884 άδιάλειπτα
1309 1809 1514 1934 δάκρυα,
1499 1813 1520 1886 ά
1542 1836 1616 1900 τοῖς
1694 1890 1696 1894 ,

309 1911 413 2004 όροῖισι
437 1913 489 1986 διά
511 1911 644 1994 παντὸς
664 1921 824 1997 προξενεῖ
835 1939 1027 1990 πεπτωκος
1064 1915 1182 1983 ταῦτα
1197 1909 1347 2000 wolvf
1327 1909 1469 2002 υπάρχει
1487 1912 1614 2002 αὐτοῖς,

308 2021 363 2087 καὶ
392 2021 421 2086 εί
451 2012 495 2103 μὴ
525 2007 631 2082 πάλιν
660 2007 726 2099 τὴν
753 2007 864 2098 λύπην
887 2017 1040 2098 σημαίνει
1067 2015 1128 2098 τῆς
1149 2007 1254 2083 πάλαι
1278 2013 1492 2132 φρουροάσης
1513 2014 1615 2088 δυνά·

258 2127 290 2180 15
308 2144 406 2204 μεως,
428 2110 661 2230 ὑπερβολικῶς
683 2113 789 2180 τοῦτο
813 2115 987 2194 δηλῶν.
976 2113 1031 2179 ἐν
1050 2117 1168 2195 θλιφει
1184 2115 1248 2194 δει
1264 2117 1368 2202 λέγει,
1394 2141 1476 2184 »του
1461 2119 1616 2203 κυρίου

307 2211 524 2304 ἐμνήσθησαν
554 2214 589 2298 ἐξ
619 2201 702 2296 όλης
732 2212 793 2296 τῆς
823 2212 990 2295 καράίαςι.
1032 2215 1139 2282 τοῦτο
1170 2219 1288 2282 τοίνυν
1314 2236 1494 2302 ποιησατε,
1522 2223 1614 2304 φησί,

309 2312 455 2394 νυκτός
481 2315 544 2382 καὶ
572 2304 715 2399 ημέρας
743 2305 946 2395 δακρύοντες
972 2317 1027 2378 καὶ
1053 2313 1125 2379 »ἐπὶ
1147 2329 1221 2392 ταῖς
1242 2306 1415 2393 κοίταις
1394 2319 1491 2401 υμῶν
1512 2341 1614 2384 κατα-

308 2411 461 2503 νόγητει·
483 2415 566 2500 μηδε
590 2413 712 2498 νῆφιν
733 2402 867 2496 ἡγεῖσθε
891 2405 956 2496 τὴν
976 2405 1044 2477 άπὸ
1060 2405 1199 2480 τούτων
1214 2406 1427 2500 ἀπαλλαγήν·
1451 2409 1614 2502 μετάνοια

309 2512 371 2604 γὰρ
402 2518 449 2594 είς
479 2517 650 2598 σωτηρίαν
676 2511 775 2578 ἐστίν.
819 2504 919 2628 νήμει
947 2512 983 2576 (ίέ
1005 2535 1055 2590 τις
1078 2503 1139 2577 οάκ
1161 2503 1313 2597 άγαθοόν.
1337 2508 1425 2581 άλλά
1445 2508 1613 2600 χειρόνων

257 2623 291 2680 20
308 2608 605 2702 παυόμενος.τῷ
636 2613 671 2681 δὲ
702 2613 751 2697 νῷ
783 2604 960 2678 συνάπτου
990 2607 1045 2678 διά
1071 2605 1202 2689 παντός
1224 2607 1310 2696 πρός
1332 2603 1541 2698 Χριστόν,”
1522 2641 1616 2694 οπως

309 2737 345 2783 σε
368 2708 551 2798 φυλάξειεν
573 2705 622 2792 αἱς
643 2703 772 2797 κόρην
793 2700 1007 2792 ὀφθαλμοῦ
1027 2712 1083 2778 καί
1105 2731 1158 2778 σοι
1180 2725 1291 2796 τεῖχος
1313 2717 1459 2798 γένηται.

690 2943 746 3012 Nr.
767 2943 830 3009 LX.
874 2943 998 3028 Klagel.
1015 2943 1129 3010 Jerem.
1145 2951 1172 3024 2,
1190 2951 1235 3011 19.

389 3090 621 3186 Προσεκτικὸν
653 3087 672 3179 ἡ
704 3088 786 3174 νύξ,
817 3097 1090 3178 συστρεφομίνης
1119 3095 1156 3160 ἐν
1186 3087 1272 3180 αὐτῇ
1299 3098 1360 3180 τῆς
1381 3098 1489 3182 ψυχῆς
1511 3099 1547 3165 ἐν
1572 3103 1615 3184 τῇ

307 3203 380 3266 τῶν
408 3191 602 3284 αἰσθήσεων
624 3187 750 3282 ἠρεμίᾳ.
794 3186 876 3260 τότε
897 3188 1194 3278 κελεύει-μελετᾶν
1216 3195 1254 3263 ἐν
1276 3209 1351 3274 ταῖς
1372 3196 1530 3276 ἐντολαῖς
1552 3201 1615 3266 τοῦ

254 3303 287 3356 25
307 3299 391 3366 θεοῦ
420 3301 476 3366 καὶ
506 3299 616 3381 λέγειν
645 3289 729 3378 μετά
761 3295 823 3362 τοῦ
854 3297 967 3376 Δαβίδ·
1000 3288 1143 3372 »νυκτός
1172 3289 1257 3379 μετὰ
1287 3297 1349 3380 τῆς
1379 3297 1517 3381 καρδίας
1536 3323 1614 3383 ·μου

306 3389 521 3482 ἡόολέσχουν,
545 3399 600 3462 καὶ
623 3395 761 3461 ἔσκαλλε
785 3387 825 3460 τό
848 3385 978 3480 πνεῦμά
993 3418 1087 3479 μουι.
1124 3394 1185 3476 τῆς
1201 3395 1235 3460 δὲ
1253 3390 1375 3474 νυκτός
1390 3397 1437 3475 είς
1453 3400 1614 3482 τέσσαρας

305 3492 486 3580 φυλακάς
517 3496 728 3580 διῃρημένης,
762 3496 836 3577 λε’με
861 3489 947 3578 μετὰ
975 3494 1036 3559 τοῦ
1059 3493 1171 3572 Auem·
1205 3488 1527 3577 »προκατελάβοντο
1551 3521 1613 3579 φυ-

305 3592 409 3674 λακὰς
433 3595 464 3664 οἱ
487 3585 664 3679 ὀφθαλμοί
685 3617 779 3678 μουι,
802 3595 857 3660 καί
878 3588 964 3678 μετὰ
987 3593 1049 3659 τοῦ
1070 3583 1268 3678 ἶίμβακοόμ·
1294 3595 1367 3662 »ἐπὶ
1382 3597 1442 3681 τῆς
1458 3599 1613 3682 φυλακῆς

304 3720 369 3780 μου
391 3687 571 3780 στήσομαι.
595 3695 649 3759 καὶ
673 3685 930 3771 άποσκοπεόσφ,
953 3694 987 3757 τί
1009 3684 1147 3776 λαλήσει
1170 3693 1207 3758 ἐν
1229 3693 1301 3777 ἐμοί
1324 3686 1439 3778 κύριος
1461 3686 1480 3762 6
1502 3690 1614 3774 θεόςι.

389 3880 408 3933 4
435 3877 498 3948 Vgl.
517 3877 596 3931 Dent.
615 3879 656 3942 32,
674 3877 739 3931 20ff.
765 3907 798 3916 -
826 3874 1306 3947 4t.vgl.01ymp.(Gh111,104).
1334 3907 1367 3916 -
1393 3877 1611 3948 81.vgl.1³sal.

304 3967 395 4031 113,4
420 3963 473 4018 λοι.
493 3966 533 4024 55,
553 3963 592 4016 12.
620 3991 653 4000 -
680 3961 717 4017 15
742 3961 795 4014 Jes.
813 3964 854 4024 26,
875 3961 925 4016 16?
952 3991 985 4000 -
1014 3960 1050 4017 17
1070 3961 1142 4016 Paul.
1159 3963 1184 4026 4,
1203 3965 1226 4016 5.
1250 3991 1282 4000 -
1304 3961 1341 4017 21
1363 3961 1407 4016 fflr
1424 3957 1440 4016 6
1460 3959 1613 4032 ὀφθαλμός

302 4067 354 4106 σου
376 4049 452 4104 lesen
475 4047 547 4118 κόρη
571 4043 724 4116 ὀφθαλμοῦ
747 4061 798 4100 σου
820 4045 945 4110 thuo.
963 4045 1174 4115 vgl.1)eut„32.
1193 4049 1232 4101 10.
1251 4075 1284 4086 ·-
1307 4045 1346 4101 24
1371 4045 1435 4115 Vgl.
1452 4045 1525 4101 ΡεαΙ.
1544 4051 1568 4110 1,
1586 4048 1612 4102 2.

301 4165 334 4174 -
353 4132 482 4190 2512221.
502 4135 541 4195 w,
563 4134 636 4184 2-
656 4131 693 4185 ⁸22
716 4130 788 4184 Psal.
808 4133 847 4194 76,
866 4133 890 4185 5.
908 4158 942 4169 -
960 4129 997 4184 28
1014 4129 1085 4186 ΗεΙ).
1103 4133 1127 4197 2,
1147 4135 1160 4185 1
1180 4130 1262 4199 (Psal.
1282 4131 1324 4192 84,
1342 4129 1376 4198 9).

386 4286 403 4342 3
422 4285 483 4354 μὲν]
502 4293 535 4343 <
553 4299 568 4336 c
583 4283 586 4350 Ι
602 4281 639 4338 10
656 4279 716 4351 ἤδη]
735 4291 768 4342 <
785 4285 819 4350 σΙ
836 4282 874 4338 15
893 4279 997 4352 αότοῖς]
1016 4279 1103 4338 αὐτοῦ
1120 4301 1136 4338 ο
1152 4284 1156 4351 Ι
1173 4282 1209 4338 14
1225 4283 1282 4352 καί]
1302 4289 1335 4346 -ί-
1353 4275 1408 4354 όρα
1426 4281 1582 4337 Κοείευίιευ
1603 4283 1609 4348 1

302 4373 337 4428 15
355 4369 446 4441 λέγων
464 4387 479 4424 ο
502 4370 505 4435 ί
530 4368 566 4424 15
587 4368 645 4436 τῆς]
663 4377 696 4424 <
714 4384 730 4420 ο
751 4369 754 4434 Ι
775 4367 813 4423 18
836 4366 951 4436 ἡγεῖσθε
975 4383 990 4422 ο
1011 4369 1048 4435 (ε2
1065 4367 1094 4422 in
1112 4367 1184 4434 Rae.)
1207 4367 1339 4437 ἡγεῖσθαι
1356 4382 1373 4420 0
1392 4369 1397 4434 Ι
1421 4365 1504 4433 θθίὶλ
1530 4360 1610 4432 ὅπως

300 4451 336 4510 ίίν
355 4472 386 4510 σε
409 4452 561 4524 φυλάξοιεν
580 4450 664 4520 υΙσὺ
681 4459 774 4522 τεῖχος
792 4455 940 4522 γενήσεται
958 4451 1046 4518 0124
1063 4452 1122 4520 τοῦ]
1142 4461 1174 4510 <
1192 4451 1284 4518 0125
1303 4443 1421 4506 ἔσκαλεν
1439 4448 1526 4518 5127
1547 4449 1607 4518 τοῦ]

300 4551 332 4597 <
351 4559 366 4594 ο
383 4541 387 4607 Ι
406 4538 442 4594 28
459 4538 519 4606 τοῦ]
538 4545 571 4596 <
590 4553 605 4590 υ
628 4538 631 4604 Ι
655 4536 693 4592 2⁰
714 4535 811 4608 κύριος
829 4533 845 4590 ὁ
863 4537 940 4604 θεός]
964 4537 993 4590 in
1015 4535 1076 4589 Ηιε.
1099 4536 1147 4590 der
1164 4535 1237 4589 Lxx
1254 4535 1332 4590 nicht
1349 4533 1515 4596 ilberliefem
1533 4533 1608 4588 wohl

300 4641 348 4676 aus
367 4622 438 4676 Psal.
455 4625 496 4688 84,
517 4624 533 4676 9
552 4621 765 4692 eingodmngen.
