3658 5566
586 453 637 509 οῑε
654 452 774 509 nomine
791 455 859 510 uber
876 453 974 508 Isam
986 454 1132 520 σεο-2ο.
1298 429 1302 434 ’
1395 459 1504 520 '291

203 625 316 704 Μαρία
337 616 424 706 πρὸς
447 612 561 702 αὐτόν,
590 611 638 700 ιδς
663 614 902 739 ἐμαρτύρησεν
911 612 1006 706 αῦτῳ
989 612 1069 706 ἸΙῆ
1084 613 1203 734 μήτηρ
1225 610 1331 686 αῦτοῦ
1354 621 1506 702 λέγουσα·
1524 628 1620 693 11496

206 718 298 790 »ίδού
325 714 400 805 γάρ,
429 713 477 800 οδς
503 712 685 805 έγένετο“
665 745 685 805 η
713 716 812 806 φωνὴ
839 723 902 788 τοῦ
923 713 1100 804 ἀσπασμοῦ
1121 739 1182 786 σου
1204 719 1249 797 είς
1272 715 1314 786 τὰ
1337 709 1412 784 dmi
1432 741 1507 802 μου,

202 821 396 907 ἐσκίρτησεν
422 822 461 888 έν
487 811 682 904 ἀγαλλιάσει
708 815 749 888 τὸ
776 823 901 936 βρέφος
927 819 964 886 έν
987 823 1029 904 τῆ
1050 824 1162 907 κοιλίςι
1184 843 1277 902 μουι
1321 805 1423 895 οὗτος
1444 803 1507 883 οῦν

204 911 223 987 5
250 915 430 1028 σκιρτήσας
441 915 523 1038 πρὸ
550 919 710 1004 γενέσεως
739 911 909 1004 Ἰωάννης,
933 910 1094 989 δείπών·
1133 906 1252 996 »οὗτός
1274 917 1346 984 ἐστι
1366 917 1444 999 περὶ
1467 902 1507 983 05

168 1017 270 1104 δέγώ
294 1017 403 1086 εἰπον·
431 1009 450 1086 5
478 1009 588 1086 ὀπίσω
610 1042 676 1103 μου
696 1012 875 1103 ἐρχόμενος
897 1017 1090 1138 ἔμπροσθέν
1111 1042 1176 1103 μου
1197 1020 1353 1102 γέγονενι
1377 1017 1445 1084 καί·
1471 1005 1508 1082 »5

204 1121 339 1238 πέμιμας
360 1144 399 1204 με
421 1117 496 1185 εἰπέ
514 1139 583 1202 μοι·
605 1108 692 1201 έφ’“
674 1143 716 1186 ον
739 1111 781 1186 δν
804 1114 933 1237 ’ίδηςἶ
897 1145 938 1186 το
958 1121 1087 1204 πνεῦμα
1105 1123 1312 1199 καταβαῖνον
1326 1119 1382 1184 καὶ
1395 1118 1508 1201 μένον,

204 1207 308 1296 οὗτός
337 1210 479 1285 έστιν
461 1243 480 1285 ο
510 1212 582 1297 υίὸς
612 1219 676 1286 τοῦ
705 1221 823 1298 θεοῦι,
835 1205 971 1335 οῦτρς,
1003 1222 1119 1300 φασίν,
1151 1209 1265 1284 οῦκέτι
1290 1208 1364 1300 ᾔδει
1383 1207 1510 1299 Ἰησοῦν

206 1310 372 1403 Χριστόν,·
393 1318 430 1386 ἐν
451 1322 564 1406 κοιλίᾳ
587 1309 658 1402 ᾔδει
678 1314 741 1401 γὰρ
760 1309 875 1386 αῦτῦν.
911 1308 998 1385 ῦίλά
1014 1309 1091 1384 δι
1070 1309 1262 1402 ῦπερβολῆν
1277 1310 1375 1402 δόξης
1391 1304 1510 1400 ῦμοιῦν

205 1442 239 1483 τι
266 1419 316 1502 τῷ
340 1420 460 1504 Πέτρῳ
487 1421 683 1502 πεποίηκεν.
726 1421 761 1484 τί
787 1405 921 1502 ῦμοιον;
950 1404 1053 1495 οὗτος
1077 1419 1161 1502 μέγα
1187 1443 1221 1484 τι
1247 1409 1318 1499 ῆδει
1343 1418 1422 1499 περί
1447 1415 1511 1481 τοῦ

155 1523 188 1578 10
206 1517 365 1602 Χριστοῦ.
401 1521 455 1593 τίς
476 1518 555 1601 είμι;
580 1521 676 1584 »τίνα
698 1541 750 1632 με
759 1519 914 1602 λέγουσιν
937 1511 1304 1633 ρίῦνθρωποιείναιι;
1326 1505 1409 1582 δδέ·
1431 1506 1510 1580 τόδε

205 1620 261 1684 καί
284 1609 371 1686 τόδε.
407 1612 448 1682 σὺ
469 1617 504 1683 δὲ
527 1619 575 1698 τί;
600 1613 659 1683 »οὐ
680 1613 716 1683 εἰ
731 1640 749 1683 ο
741 1606 955 1701 “Xotot5g
936 1642 955 1683 ο
977 1610 1052 1694 υίὸς
1073 1618 1138 1682 τοῦ
1160 1617 1245 1683 θεοῦ
1267 1616 1329 1682 τοῦ
1349 1615 1511 1696 ζῶντοςι·

207 1709 260 1800 ἐφ’
283 1704 312 1802 ᾧ
339 1719 394 1783 καί
416 1718 645 1800 μακαρίςεται,
668 1703 724 1782 ὅτι
754 1710 853 1800 »σὰρξ
873 1718 929 1782 καί
955 1711 1034 1800 αἷμα
1060 1707 1123 1783 οῦκ
1144 1707 1380 1792 ἀπεκάλυψεν(
1406 1706 1512 1798 αῦτῴ,

211 1809 302 1886 τᾶλλ’
325 1807 344 1883 5
370 1811 484 1900 πατὴρ
511 1807 530 1883 5
557 1817 594 1882 έν
621 1831 694 1894 τοῖς
716 1808 902 1899 οῦρανοῖςι.
945 1815 1015 1882 ἐπεὶ
1039 1803 1100 1882 οῦν
1121 1807 1249 1900 μεγάλα
1271 1805 1414 1899 ἤκουσεν
1436 1816 1513 1896 περὶ

209 1917 360 2000 Χριστοῦ
381 1917 437 1980 καί
459 1909 586 2000 μεγάλα
607 1907 840 2000 ὑπελάμβανεν
861 1918 917 1984 καί
939 1907 980 1984 οῦ
1000 1916 1210 1998 παρεδέξατο
1232 1909 1297 1998 τὴν
1314 1908 1416 1998 βοῆ<ν
1431 1907 1511 1998 τῆν)

157 2021 190 2075 15
208 2017 307 2084 θείαν
334 2011 399 2100 τῆν
424 2009 509 2098 πρὸς
536 2006 655 2082 αῦτόν·
688 2012 780 2083 »ἰδοῦ
807 2007 1032 2101 ἀναβαίνομεν
1060 2017 1105 2092 είς
1133 2003 1356 2099 Ἰερουσαλήμ,
1382 2017 1438 2081 καί
1460 2037 1512 2080 τε·

210 2108 453 2200 λειωθῆσεταιι
486 2118 555 2182 καί·
590 2117 660 2181 »δεῖ
689 2109 752 2182 τὸν
782 2109 857 2182 οίδν
880 2116 944 2183 τοῦ
966 2107 1155 2197 ἀνθρώπου
1175 2109 1289 2183 πολλὰ
1311 2121 1437 2181 παθεῖν
1456 2116 1513 2180 καὶ

209 2209 524 2300 ἀποδοκιμασθῆναι
547 2206 614 2281 ἀπὸ
637 2217 711 2282 τῶν
733 2207 913 2299 ἀρχιερέων
931 2217 987 2280 καί
1002 2215 1249 2299 πρεσβυτέρων,
1271 2215 1326 2280 καί
1341 2205 1513 2282 ἀποκταν-

209 2316 323 2399 θῆναι,
354 2315 410 2380 καί
442 2317 484 2398 τῆ
516 2317 615 2398 τρίτη
647 2305 750 2400 ἡμέρᾳ
776 2306 993 2400 ῦναστῆναιι,
1021 2317 1136 2398 φησίν·
1169 2309 1286 2392 »ἵλεώς
1308 2331 1370 2392 σοι,
1393 2306 1514 2398 κῦριει.

208 2407 336 2498 μεγάλα
362 2403 434 2496 ᾔδει
459 2417 537 2500 περὶ
560 2415 723 2498 Χριστοῦ,
750 2405 812 2481 οῦκ
833 2406 1000 2498 ἠθέλησεν
1018 2413 1272 2496 παραδέξασθαι
1293 2407 1334 2480 τὸ
1357 2404 1514 2480 ταπεινό-

157 2525 193 2579 20
211 2538 311 2596 τερον
341 2515 417 2598 περὶ
448 2506 562 2580 αὐτοῦ.
605 2507 767 2581 τοιοῦτόν
796 2505 875 2581 τινά
900 2535 957 2594 μοι
987 2504 1058 2579 νόει
1087 2514 1142 2579 καὶ
1173 2506 1236 2580 τὸν
1265 2501 1433 2596 Ἰωάννην.
1477 2512 1515 2578 έν

212 2615 345 2697 φυλακῇ
372 2600 414 2696 ῆν
439 2605 567 2697 μεγάλα
594 2611 692 2692 είδώς
721 2615 798 2697 περὶ
821 2613 987 2696 Χριστοῦ,
1015 2607 1102 2678 εἱδεν
1124 2603 1289 2695 οὐρανοὺς
1310 2603 1514 2696 ἅνεῳγὸτας,

213 2711 299 2782 εἶδεν
329 2713 460 2794 πνεῦμα
491 2700 590 2796 ῦγιον
623 2712 658 2792 ἐξ
688 2703 837 2796 οῦρανοῦ
863 2701 1110 2795 κατερχόμενον
1137 2709 1191 2778 ἐπὶ
1217 2704 1282 2777 τὸν
1304 2711 1440 2794 σωτῆρα
1459 2715 1515 2776 καὶ

212 2815 314 2897 μένον
340 2804 391 2876 ἐπ’
415 2803 539 2878 αὐτόν·
566 2807 652 2878 ίδιδν
675 2805 739 2896 τῆν
760 2805 970 2895 τηλικαύτην
992 2800 1096 2890 δόξαν
1118 2801 1332 2931 ἆμφέβαλλεν
1353 2813 1408 2876 καί
1431 2802 1516 2894 τάχα

213 2903 354 2997 ἠπίστει,
382 2902 455 2976 είε
436 2935 455 2978 ο
478 2900 590 2990 οῦτως
612 2910 748 2992 ἔνδοξος
768 2912 825 2977 καί
851 2911 1000 2995 μέχρις
988 2897 1073 2975 ῦδοο
1099 2911 1154 2974 καί
1176 2909 1269 2994 μέχρι
1290 2911 1352 2993 τῆς
1373 2901 1517 2990 ἇβῦσσου

159 3019 196 3074 25
212 3005 459 3076 κατελεύσεται·
481 3003 536 3076 διὰ
557 3011 663 3077 τοῦτο
686 3007 810 3095 ἔλεγεν·
837 3004 984 3076 »σῦείο
974 2999 1234 3092 “έρχο’μενος,“
1213 3031 1233 3092 η
1250 3001 1313 3076 ἄλλ
1299 3016 1358 3076 λον
1372 3011 1517 3094 προσδο-

212 3112 358 3194 κῶμεν;ι

298 3213 325 3276 8.
358 3200 405 3274 05
427 3210 616 3293 παρεξέβην
638 3201 714 3276 οῦδὲ
736 3199 956 3293 ἐπελαθόμην
978 3232 1042 3275 του
1027 3207 1292 3292 ’προκειμένοις
1311 3199 1398 3275 ἀλλὰ
1414 3211 1518 3276 τοῦτο

214 3309 360 3393 θέλομεν
391 3300 635 3376 κατασκευάσαι
667 3297 731 3385 ὅτι,
768 3309 797 3374 εἰ
826 3299 954 3384 πάντες
989 3307 1035 3386 είς
1066 3296 1150 3392 ᾅδου
1178 3299 1422 3392 καταβεβήκασι
1451 3303 1519 3394 πρὸ

214 3409 279 3473 τοῦ
307 3409 457 3491 Χριστοῦ
483 3401 672 3492 πρόδρομοι
696 3408 846 3491 Χριστοῦ
878 3406 910 3474 σί
931 3406 1107 3491 προφῆται
1134 3408 1296 3490 Χριστοῦ,
1329 3395 1441 3486 οῦτως
1466 3412 1521 3474 καὶ

302 3597 405 3652 σεεμ.
425 3599 448 3660 1,
466 3599 508 3653 44.
525 3625 558 3636 -
577 3595 596 3652 4
614 3596 675 3650 Joh.
694 3599 718 3658 1,
736 3597 842 3665 εορτ).
861 3627 894 3635 -
915 3597 933 3652 ι
952 3595 1013 3651 Joh.
1032 3598 1055 3660 1,
1073 3597 1115 3652 33.
1133 3597 1174 3651 οι.
1193 3627 1226 3636 -
1245 3597 1284 3652 ιο
1302 3597 1402 3652 Matth.
1422 3599 1462 3664 16,
1482 3601 1521 3653 13.

216 3713 250 3722 -
268 3682 305 3737 11
324 3681 771 3746 Με111.16,16.-121.Μο111ι.
786 3680 977 3748 16,17.-15
997 3680 1118 3748 Luk.18,
1134 3684 1177 3738 31.
1193 3713 1226 3721 -
1246 3681 1282 3738 16
1300 3683 1523 3750 Luk.9,22Par.

218 3795 251 3806 -
269 3766 305 3822 ιε
324 3765 423 3820 μετα.
443 3769 483 3830 16,
501 3766 542 3820 εε.
561 3795 594 3804 -
612 3765 687 3821 τοι.
705 3765 769 3836 vgl.
787 3765 817 3820 in
834 3764 896 3819 Joh.
914 3764 990 3818 τοο.
1009 3767 1033 3830 ε,
1051 3766 1152 3820 αε-ετ
1171 3765 1523 3834 <Br.1‚151‚29-154,4):

218 3845 299 3920 οἶμαι
321 3850 416 3905 τοίνυν
439 3849 489 3916 την
506 3847 559 3916 μὲν
577 3846 795 3920 ένανθρώπησιν
812 3889 859 3906 ...
877 3847 911 3905 τδ
928 3843 1029 3920 ἕτερον
1046 3843 1120 3905 εἶναι
1137 3855 1195 3904 τῶν
1211 3843 1410 3918 ὑποδημάτων,
1428 3852 1478 3919 τὴν
1495 3849 1525 3906 δὲ

219 3931 259 3998 είς
277 3926 347 4008 ᾅδου
364 3929 522 4004 κατάβασιν
540 3974 586 3988 ...
604 3936 653 3988 καί
670 3937 720 4002 τὴν
738 3932 779 4000 είς
796 3935 922 4004 φυλακην
939 3931 1011 4002 μετὰ
1030 3940 1081 3990 τοῦ
1098 3931 1260 4002 πνεύματος
1281 3935 1402 4005 πορείαν
1420 3933 1452 3990 τὸ
1471 3939 1525 3989 λοι·

219 4017 283 4072 τόν.
402 4014 475 4086 τάχα
503 4009 553 4072 οῦν
635 4017 745 4091 δωρεὰν
771 4013 880 4088 είἏηφε,
906 4017 1022 4086 μηδέπω
1048 4017 1081 4073 τδ
1105 4013 1175 4074 ὅσον
1202 4011 1245 4088 ἐφ’
1270 4011 1360 4090 ἑαυτῷ
1382 4013 1462 4084 ἄξιος
1484 4013 1525 4072 ὢν

218 4106 301 4156 λῦσαι
323 4098 374 4156 τὸν
397 4097 501 4169 ίμάντα
523 4109 574 4157 τοῦ
596 4099 694 4174 ἑτέρου
717 4106 775 4156 τῶν
793 4095 994 4170 ὑποδημάτων,
1017 4103 1122 4171 νοήσας
1140 4101 1227 4159 αὐτοῦ
1244 4104 1293 4171 την
1312 4099 1342 4157 έν
1360 4099 1527 4175 ἀνθρώποις

220 4182 377 4254 ἐπιδημίαν,
404 4187 470 4256 περί
496 4181 528 4254 ῆς
553 4187 603 4241 καί
624 4193 773 4258 μαρτυρεῖ·
801 4182 863 4242 ἐπεὶ
884 4185 914 4242 δέ
936 4180 1045 4243 ἔλειπεν
1068 4184 1144 4261 αὐτῷ
1165 4187 1182 4257 ῆ
1200 4189 1267 4258 περὶ
1287 4192 1345 4241 τῶν
1363 4184 1426 4255 ἑξῆς
1443 4185 1527 4243 κατά·

220 4275 312 4340 ληψις,
331 4267 384 4326 οὐκ
401 4267 487 4326 εἰδότι
504 4269 628 4342 πότερον
640 4264 744 4340 Ἰησοῦς
761 4267 836 4326 ἐστιν
854 4267 870 4325 ὁ
888 4268 973 4327 κάκεῖ
987 4268 1143 4344 ἐρχόμενος
1159 4275 1217 4327 κτλ.
1237 4301 1268 4310 -
1288 4271 1326 4326 21
1346 4270 1410 4341 vgl.
1428 4271 1527 4325 Matth.

221 4355 363 4422 3,16Par.
381 4383 413 4394 -
433 4352 470 4410 25
487 4355 554 4410 Luk.
568 4357 591 4419 7,
604 4357 646 4412 20.

309 4531 324 4584 1
345 4529 456 4598 Μαρία]
476 4550 486 4583 ι
503 4527 532 4583 in
550 4530 611 4584 Rae.
630 4531 656 4599 (2
668 4531 728 4598 Βῦ.)
746 4531 775 4584 M
791 4531 794 4598 Ι
810 4523 855 4600 ἐφ’
872 4529 950 4582 ΒΙοεε
968 4527 998 4585 ἐν
1016 4529 1065 4598 Ml
1086 4528 1175 4596 14115
1191 4531 1263 4602 βοὴν
1279 4529 1330 4598 τῆν
1351 4531 1444 4600 θείαν]
1462 4532 1528 4602 βοή·

221 4617 306 4670 θειαν
324 4613 352 4666 M
372 4615 376 4680 Ι
397 4613 437 4669 2⁰
454 4609 494 4682 έν]
513 4633 528 4668 ν
546 4613 574 4668 in
592 4615 655 4671 Rae.
672 4615 701 4668 M
720 4616 725 4682 Ι
744 4615 781 4670 21
803 4607 875 4670 εἶδεν
893 4614 930 4667 Al
948 4609 1004 4671 ίδεν
1023 4613 1126 4682 11122
1144 4608 1202 4669 ἴδεν
1219 4611 1325 4754 11119βὲ
1342 4614 1412 4686 είδ]
1430 4613 1473 4670 διδ
1492 4616 1528 4670 Μ.
