<?xml version="1.0" encoding="UTF-8"?>
<!DOCTYPE html PUBLIC "-//W3C//DTD XHTML 1.0 Transitional//EN"
    "http://www.w3.org/TR/xhtml1/DTD/xhtml1-transitional.dtd">
<html xmlns="http://www.w3.org/1999/xhtml" xml:lang="en" lang="en">
 <head>
  <title>
</title>
<meta http-equiv="Content-Type" content="text/html;charset=utf-8" />
  <meta name='ocr-system' content='tesseract 3.04.00' />
  <meta name='ocr-capabilities' content='ocr_page ocr_carea ocr_par ocr_line ocrx_word'/>
</head>
<body>
  <div class='ocr_page' id='page_1' title='image "./diegriechischen01unkngoog/diegriechischen01unkngoog_0029.png"; bbox 0 0 3702 5540; ppageno 0'>
   <div class='ocr_carea' id='block_1_1' title="bbox 321 463 1062 534">
    <p class='ocr_par' dir='ltr' id='par_1_1' title="bbox 321 463 1062 534">
     <span class='ocr_line' id='line_1_1' title="bbox 321 463 1062 534; baseline -0.005 -10"><span class='ocrx_word' id='word_1_1' title='bbox 321 482 369 524; x_wconf 80' lang='lat' dir='ltr'><strong>xx</strong></span> <span class='ocrx_word' id='word_1_2' title='bbox 394 481 396 488; x_wconf 91' lang='grc'><strong><em>·</em></strong></span> <span class='ocrx_word' id='word_1_3' title='bbox 894 463 1062 534; x_wconf 77' lang='lat' dir='ltr'><strong>Einleitung.</strong></span> 
     </span>
    </p>
   </div>
   <div class='ocr_carea' id='block_1_2' title="bbox 321 625 1446 1017">
    <p class='ocr_par' dir='ltr' id='par_1_2' title="bbox 321 625 1446 1017">
     <span class='ocr_line' id='line_1_2' title="bbox 321 625 1446 716; baseline 0.002 -24"><span class='ocrx_word' id='word_1_4' title='bbox 321 627 351 692; x_wconf 91' lang='lat' dir='ltr'><strong>S.</strong></span> <span class='ocrx_word' id='word_1_5' title='bbox 375 634 472 710; x_wconf 76' lang='lat'>70,22</span> <span class='ocrx_word' id='word_1_6' title='bbox 496 628 591 712; x_wconf 88' lang='grc' dir='ltr'><strong>λε’γειΙ</strong></span> <span class='ocrx_word' id='word_1_7' title='bbox 613 626 712 716; x_wconf 57' lang='grc' dir='ltr'><strong>,πρὸ</strong></span> <span class='ocrx_word' id='word_1_8' title='bbox 740 633 775 698; x_wconf 80' lang='grc' dir='ltr'><strong>δὲ</strong></span> <span class='ocrx_word' id='word_1_9' title='bbox 805 625 949 700; x_wconf 85' lang='grc' dir='ltr'><strong><em>πάντων</em></strong></span> <span class='ocrx_word' id='word_1_10' title='bbox 992 633 1080 698; x_wconf 90' lang='lat' dir='ltr'><strong>dicit:</strong></span> <span class='ocrx_word' id='word_1_11' title='bbox 1102 638 1174 698; x_wconf 81' lang='lat' dir='ltr'><strong>unte</strong></span> <span class='ocrx_word' id='word_1_12' title='bbox 1196 654 1303 698; x_wconf 88' lang='lat' dir='ltr'><strong>omues</strong></span> <span class='ocrx_word' id='word_1_13' title='bbox 1325 637 1446 695; x_wconf 87' lang='lat' dir='ltr'><strong>autem</strong></span> 
     </span>
     <span class='ocr_line' id='line_1_3' title="bbox 492 725 1402 819; baseline 0 -25"><span class='ocrx_word' id='word_1_14' title='bbox 492 731 626 809; x_wconf 82' lang='grc' dir='ltr'><strong><em>βουνῶν</em></strong></span> <span class='ocrx_word' id='word_1_15' title='bbox 656 733 757 819; x_wconf 78' lang='grc' dir='ltr'><strong><em>γεννᾷ</em></strong></span> <span class='ocrx_word' id='word_1_16' title='bbox 778 737 847 815; x_wconf 80' lang='grc' dir='ltr'><strong><em>με“,</em></strong></span> <span class='ocrx_word' id='word_1_17' title='bbox 875 725 949 816; x_wconf 75' lang='grc' dir='ltr'><strong><em>οὐχὶ</em></strong></span> <span class='ocrx_word' id='word_1_18' title='bbox 992 733 1089 798; x_wconf 85' lang='lat' dir='ltr'><strong>collos</strong></span> <span class='ocrx_word' id='word_1_19' title='bbox 1111 737 1240 816; x_wconf 79' lang='lat' dir='ltr'><strong>generet</strong></span> <span class='ocrx_word' id='word_1_20' title='bbox 1261 753 1319 810; x_wconf 90' lang='lat' dir='ltr'><strong>me,</strong></span> <span class='ocrx_word' id='word_1_21' title='bbox 1341 754 1402 796; x_wconf 91' lang='lat' dir='ltr'><strong>non</strong></span> 
     </span>
     <span class='ocr_line' id='line_1_4' title="bbox 495 823 1408 914; baseline 0.003 -22"><span class='ocrx_word' id='word_1_22' title='bbox 495 829 542 893; x_wconf 83' lang='grc' dir='ltr'><strong>δέ·</strong></span> <span class='ocrx_word' id='word_1_23' title='bbox 565 823 632 914; x_wconf 86' lang='grc' dir='ltr'><strong>πρὸ</strong></span> <span class='ocrx_word' id='word_1_24' title='bbox 649 831 684 895; x_wconf 82' lang='grc' dir='ltr'><strong>δὲ</strong></span> <span class='ocrx_word' id='word_1_25' title='bbox 705 824 850 898; x_wconf 78' lang='grc' dir='ltr'><strong><em>πάντων</em></strong></span> <span class='ocrx_word' id='word_1_26' title='bbox 871 837 948 912; x_wconf 86' lang='grc' dir='ltr'><strong><em>βου·</em></strong></span> <span class='ocrx_word' id='word_1_27' title='bbox 991 843 1025 897; x_wconf 80' lang='grc' dir='ltr'><strong>αἰ</strong></span> <span class='ocrx_word' id='word_1_28' title='bbox 1046 837 1171 914; x_wconf 82' lang='lat' dir='ltr'><strong>quidum</strong></span> <span class='ocrx_word' id='word_1_29' title='bbox 1192 839 1267 896; x_wconf 83' lang='lat' dir='ltr'><strong>mule</strong></span> <span class='ocrx_word' id='word_1_30' title='bbox 1289 839 1408 911; x_wconf 74' lang='lat' dir='ltr'><strong>lepuut:</strong></span> 
     </span>
     <span class='ocr_line' id='line_1_5' title="bbox 495 929 1232 1017; baseline -0.001 -23"><span class='ocrx_word' id='word_1_31' title='bbox 495 929 568 994; x_wconf 80' lang='grc' dir='ltr'><strong>νῶν</strong></span> <span class='ocrx_word' id='word_1_32' title='bbox 589 930 787 1016; x_wconf 79' lang='grc' dir='ltr'><strong><em>γεγέννηκέν</em></strong></span> <span class='ocrx_word' id='word_1_33' title='bbox 809 957 856 1016; x_wconf 87' lang='grc' dir='ltr'><strong>με.</strong></span> <span class='ocrx_word' id='word_1_34' title='bbox 992 932 1153 1017; x_wconf 79' lang='lat' dir='ltr'><strong>generavit</strong></span> <span class='ocrx_word' id='word_1_35' title='bbox 1172 953 1232 998; x_wconf 82' lang='lat' dir='ltr'><strong>me</strong></span> 
     </span>
    </p>
   </div>
   <div class='ocr_carea' id='block_1_3' title="bbox 320 1086 1624 1460">
    <p class='ocr_par' dir='ltr' id='par_1_3' title="bbox 320 1086 1624 1460">
     <span class='ocr_line' id='line_1_6' title="bbox 320 1086 1276 1185; baseline 0 -25"><span class='ocrx_word' id='word_1_36' title='bbox 320 1095 349 1160; x_wconf 87' lang='lat' dir='ltr'><strong>S.</strong></span> <span class='ocrx_word' id='word_1_37' title='bbox 373 1101 420 1170; x_wconf 85' lang='lat'><strong>75,</strong></span> <span class='ocrx_word' id='word_1_38' title='bbox 433 1099 470 1161; x_wconf 75' lang='lat'><strong>18</strong></span> <span class='ocrx_word' id='word_1_39' title='bbox 491 1086 589 1162; x_wconf 73' lang='grc' dir='ltr'><strong><em>αὐτοὶ</em></strong></span> <span class='ocrx_word' id='word_1_40' title='bbox 621 1096 652 1162; x_wconf 82' lang='grc' dir='ltr'><strong>οἱ</strong></span> <span class='ocrx_word' id='word_1_41' title='bbox 682 1091 771 1164; x_wconf 81' lang='grc' dir='ltr'><strong><em>κατὰ</em></strong></span> <span class='ocrx_word' id='word_1_42' title='bbox 802 1101 864 1164; x_wconf 83' lang='grc' dir='ltr'><strong>τοῦ</strong></span> <span class='ocrx_word' id='word_1_43' title='bbox 891 1101 947 1185; x_wconf 79' lang='grc' dir='ltr'><strong>δη·</strong></span> <span class='ocrx_word' id='word_1_44' title='bbox 988 1097 1012 1162; x_wconf 91' lang='lat' dir='ltr'><strong>ii</strong></span> <span class='ocrx_word' id='word_1_45' title='bbox 1035 1097 1090 1181; x_wconf 91' lang='lat' dir='ltr'><strong>qui</strong></span> <span class='ocrx_word' id='word_1_46' title='bbox 1111 1099 1276 1161; x_wconf 82' lang='lat' dir='ltr'><strong>adversum</strong></span> 
     </span>
     <span class='ocr_line' id='line_1_7' title="bbox 492 1197 1623 1308; baseline -0.001 -48"><span class='ocrx_word' id='word_1_47' title='bbox 492 1197 654 1308; x_wconf 83' lang='grc' dir='ltr'><strong><em>μιουργοῦ</em></strong></span> <span class='ocrx_word' id='word_1_48' title='bbox 679 1197 845 1281; x_wconf 81' lang='grc' dir='ltr'><strong><em>λέγοντες,</em></strong></span> <span class='ocrx_word' id='word_1_49' title='bbox 873 1201 947 1267; x_wconf 82' lang='grc' dir='ltr'><strong><em>δυσ·</em></strong></span> <span class='ocrx_word' id='word_1_50' title='bbox 990 1197 1185 1263; x_wconf 88' lang='lat' dir='ltr'><strong>conditorem</strong></span> <span class='ocrx_word' id='word_1_51' title='bbox 1213 1201 1326 1260; x_wconf 62' lang='lat' dir='ltr'><strong>rubidae</strong></span> <span class='ocrx_word' id='word_1_52' title='bbox 1346 1201 1485 1276; x_wconf 78' lang='lat' dir='ltr'><strong>fouertue</strong></span> <span class='ocrx_word' id='word_1_53' title='bbox 1506 1201 1623 1272; x_wconf 76' lang='grc' dir='ltr'><strong><em>αιαααι,</em></strong></span> 
     </span>
     <span class='ocr_line' id='line_1_8' title="bbox 494 1287 1624 1379; baseline 0 -19"><span class='ocrx_word' id='word_1_54' title='bbox 494 1296 685 1377; x_wconf 83' lang='grc' dir='ltr'><strong><em>φημοῦντες</em></strong></span> <span class='ocrx_word' id='word_1_55' title='bbox 707 1287 822 1365; x_wconf 78' lang='grc' dir='ltr'><strong><em>αὐτόν.</em></strong></span> <span class='ocrx_word' id='word_1_56' title='bbox 991 1296 1046 1379; x_wconf 90' lang='lat' dir='ltr'><strong>qui</strong></span> <span class='ocrx_word' id='word_1_57' title='bbox 1087 1319 1159 1361; x_wconf 87' lang='lat' dir='ltr'><strong>eum</strong></span> <span class='ocrx_word' id='word_1_58' title='bbox 1195 1294 1386 1379; x_wconf 77' lang='lat' dir='ltr'><strong>blasphemis</strong></span> <span class='ocrx_word' id='word_1_59' title='bbox 1427 1297 1624 1360; x_wconf 80' lang='lat' dir='ltr'>sermonibus</span> 
     </span>
     <span class='ocr_line' id='line_1_9' title="bbox 992 1396 1205 1460; baseline -0.005 0"><span class='ocrx_word' id='word_1_60' title='bbox 992 1396 1205 1460; x_wconf 78' lang='lat' dir='ltr'><strong>criminantur.</strong></span> 
     </span>
    </p>
   </div>
   <div class='ocr_carea' id='block_1_4' title="bbox 304 1546 1624 1744">
    <p class='ocr_par' dir='ltr' id='par_1_4' title="bbox 304 1546 1624 1744">
     <span class='ocr_line' id='line_1_10' title="bbox 304 1546 1624 1648; baseline -0.001 -26"><span class='ocrx_word' id='word_1_61' title='bbox 304 1546 349 1624; x_wconf 79' lang='lat' dir='ltr'><strong>S.</strong></span> <span class='ocrx_word' id='word_1_62' title='bbox 373 1563 468 1637; x_wconf 76' lang='lat'>81,22</span> <span class='ocrx_word' id='word_1_63' title='bbox 492 1552 534 1644; x_wconf 79' lang='grc' dir='ltr'><strong>ἣν</strong></span> <span class='ocrx_word' id='word_1_64' title='bbox 556 1553 665 1626; x_wconf 81' lang='grc' dir='ltr'><strong><em>καλὸν</em></strong></span> <span class='ocrx_word' id='word_1_65' title='bbox 683 1560 728 1638; x_wconf 83' lang='grc' dir='ltr'><strong>εἰς</strong></span> <span class='ocrx_word' id='word_1_66' title='bbox 744 1557 806 1628; x_wconf 86' lang='grc' dir='ltr'><strong>τὸν</strong></span> <span class='ocrx_word' id='word_1_67' title='bbox 826 1554 949 1648; x_wconf 74' lang='grc' dir='ltr'><strong><em>ἠθικὸν</em></strong></span> <span class='ocrx_word' id='word_1_68' title='bbox 993 1585 1096 1645; x_wconf 81' lang='lat' dir='ltr'><strong>quem,</strong></span> <span class='ocrx_word' id='word_1_69' title='bbox 1127 1573 1161 1626; x_wconf 81' lang='grc' dir='ltr'><strong>ιιι</strong></span> <span class='ocrx_word' id='word_1_70' title='bbox 1190 1565 1267 1626; x_wconf 81' lang='lat' dir='ltr'><strong>miti</strong></span> <span class='ocrx_word' id='word_1_71' title='bbox 1297 1565 1418 1638; x_wconf 78' lang='lat' dir='ltr'><strong>videtur,</strong></span> <span class='ocrx_word' id='word_1_72' title='bbox 1452 1562 1486 1625; x_wconf 90' lang='lat' dir='ltr'><strong>in</strong></span> <span class='ocrx_word' id='word_1_73' title='bbox 1512 1559 1624 1625; x_wconf 83' lang='lat' dir='ltr'><strong>morali</strong></span> 
     </span>
     <span class='ocr_line' id='line_1_11' title="bbox 494 1649 1408 1744; baseline -0.004 -20"><span class='ocrx_word' id='word_1_74' title='bbox 494 1649 607 1726; x_wconf 80' lang='grc' dir='ltr'><strong><em>τόπον</em></strong></span> <span class='ocrx_word' id='word_1_75' title='bbox 629 1652 816 1742; x_wconf 76' lang='grc' dir='ltr'><strong><em>ἀναλαβεῖν.</em></strong></span> <span class='ocrx_word' id='word_1_76' title='bbox 994 1661 1065 1725; x_wconf 95' lang='lat' dir='ltr'><strong>loco</strong></span> <span class='ocrx_word' id='word_1_77' title='bbox 1087 1664 1237 1726; x_wconf 84' lang='lat' dir='ltr'><strong>debemus</strong></span> <span class='ocrx_word' id='word_1_78' title='bbox 1259 1661 1408 1744; x_wconf 80' lang='lat' dir='ltr'><strong>accipere.</strong></span> 
     </span>
    </p>
   </div>
   <div class='ocr_carea' id='block_1_5' title="bbox 320 1825 1493 2118">
    <p class='ocr_par' dir='ltr' id='par_1_5' title="bbox 320 1825 1493 2118">
     <span class='ocr_line' id='line_1_12' title="bbox 320 1825 1442 1923; baseline -0.001 -22"><span class='ocrx_word' id='word_1_79' title='bbox 320 1835 349 1901; x_wconf 88' lang='lat' dir='ltr'><strong>S.</strong></span> <span class='ocrx_word' id='word_1_80' title='bbox 373 1841 470 1916; x_wconf 66' lang='lat'><strong>8218</strong></span> <span class='ocrx_word' id='word_1_81' title='bbox 493 1825 546 1918; x_wconf 73' lang='grc' dir='ltr'><strong>ἐφ’</strong></span> <span class='ocrx_word' id='word_1_82' title='bbox 578 1831 629 1916; x_wconf 69' lang='grc' dir='ltr'><strong>οἷς</strong></span> <span class='ocrx_word' id='word_1_83' title='bbox 658 1835 722 1904; x_wconf 79' lang='grc' dir='ltr'><strong><em>ἔδει</em></strong></span> <span class='ocrx_word' id='word_1_84' title='bbox 750 1829 874 1916; x_wconf 82' lang='grc' dir='ltr'><strong><em>αότούς</em></strong></span> <span class='ocrx_word' id='word_1_85' title='bbox 901 1840 948 1905; x_wconf 87' lang='grc' dir='ltr'><strong>αἰ·</strong></span> <span class='ocrx_word' id='word_1_86' title='bbox 991 1841 1026 1903; x_wconf 89' lang='lat' dir='ltr'><strong>in</strong></span> <span class='ocrx_word' id='word_1_87' title='bbox 1047 1838 1096 1902; x_wconf 91' lang='lat' dir='ltr'><strong>his</strong></span> <span class='ocrx_word' id='word_1_88' title='bbox 1119 1841 1235 1923; x_wconf 90' lang='lat' dir='ltr'><strong>quippe</strong></span> <span class='ocrx_word' id='word_1_89' title='bbox 1258 1837 1442 1922; x_wconf 72' lang='lat' dir='ltr'><strong>gloriantur,</strong></span> 
     </span>
     <span class='ocr_line' id='line_1_13' title="bbox 493 1928 1318 2022; baseline -0.001 -22"><span class='ocrx_word' id='word_1_90' title='bbox 493 1928 687 2018; x_wconf 78' lang='grc' dir='ltr'><strong><em>σχόνεσθαι,</em></strong></span> <span class='ocrx_word' id='word_1_91' title='bbox 725 1937 779 2002; x_wconf 77' lang='grc' dir='ltr'><strong>ἐπὶ</strong></span> <span class='ocrx_word' id='word_1_92' title='bbox 816 1932 952 2016; x_wconf 81' lang='grc' dir='ltr'><strong><em>τούτοις</em></strong></span> <span class='ocrx_word' id='word_1_93' title='bbox 994 1959 1075 2022; x_wconf 81' lang='lat' dir='ltr'><strong>quoe</strong></span> <span class='ocrx_word' id='word_1_94' title='bbox 1096 1959 1168 2002; x_wconf 91' lang='lat' dir='ltr'><strong>cum</strong></span> <span class='ocrx_word' id='word_1_95' title='bbox 1190 1937 1318 2016; x_wconf 78' lang='lat' dir='ltr'><strong>fuciunt,</strong></span> 
     </span>
     <span class='ocr_line' id='line_1_14' title="bbox 494 2028 1493 2118; baseline -0.002 -19"><span class='ocrx_word' id='word_1_96' title='bbox 494 2034 626 2101; x_wconf 79' lang='grc' dir='ltr'><strong><em>οἴονται</em></strong></span> <span class='ocrx_word' id='word_1_97' title='bbox 649 2028 854 2117; x_wconf 79' lang='grc' dir='ltr'><strong><em>δοξάζεσθαι.</em></strong></span> <span class='ocrx_word' id='word_1_98' title='bbox 994 2041 1115 2100; x_wconf 75' lang='lat' dir='ltr'><strong>latebrae</strong></span> <span class='ocrx_word' id='word_1_99' title='bbox 1136 2047 1162 2100; x_wconf 79' lang='lat' dir='ltr'><strong>et</strong></span> <span class='ocrx_word' id='word_1_100' title='bbox 1182 2049 1289 2100; x_wconf 75' lang='lat' dir='ltr'><strong>secreto</strong></span> <span class='ocrx_word' id='word_1_101' title='bbox 1304 2041 1493 2118; x_wconf 82' lang='lat' dir='ltr'><strong>perquirunt.</strong></span> 
     </span>
    </p>
   </div>
   <div class='ocr_carea' id='block_1_6' title="bbox 320 2199 1625 3359">
    <p class='ocr_par' dir='ltr' id='par_1_6' title="bbox 320 2199 1625 3359">
     <span class='ocr_line' id='line_1_15' title="bbox 320 2199 1497 2284; baseline -0.002 -19"><span class='ocrx_word' id='word_1_102' title='bbox 320 2201 349 2265; x_wconf 87' lang='lat' dir='ltr'><strong>S.</strong></span> <span class='ocrx_word' id='word_1_103' title='bbox 370 2207 467 2280; x_wconf 84' lang='lat' dir='ltr'>91,3o</span> <span class='ocrx_word' id='word_1_104' title='bbox 490 2201 781 2284; x_wconf 70' lang='grc' dir='ltr'><strong><em>προσελολυθέτοα</em></strong></span> <span class='ocrx_word' id='word_1_105' title='bbox 825 2205 862 2269; x_wconf 82' lang='grc' dir='ltr'><strong>δέ</strong></span> <span class='ocrx_word' id='word_1_106' title='bbox 900 2228 952 2280; x_wconf 86' lang='grc' dir='ltr'><strong>τις</strong></span> <span class='ocrx_word' id='word_1_107' title='bbox 995 2201 1067 2266; x_wconf 88' lang='lat' dir='ltr'><strong>huic</strong></span> <span class='ocrx_word' id='word_1_108' title='bbox 1089 2201 1116 2264; x_wconf 82' lang='lat' dir='ltr'><strong>si</strong></span> <span class='ocrx_word' id='word_1_109' title='bbox 1138 2199 1287 2266; x_wconf 82' lang='lat' dir='ltr'><strong>offeratur</strong></span> <span class='ocrx_word' id='word_1_110' title='bbox 1307 2201 1497 2266; x_wconf 81' lang='lat' dir='ltr'><strong>homicida</strong></span> 
     </span>
     <span class='ocr_line' id='line_1_16' title="bbox 491 2290 951 2385; baseline 0.009 -21"><span class='ocrx_word' id='word_1_111' title='bbox 491 2290 743 2382; x_wconf 80' lang='grc' dir='ltr'><strong><em>προσαγόμενος</em></strong></span> <span class='ocrx_word' id='word_1_112' title='bbox 827 2298 951 2385; x_wconf 79' lang='grc' dir='ltr'><strong><em>φονεὺς</em></strong></span> 
     </span>
     <span class='ocr_line' id='line_1_17' title="bbox 493 2389 1625 2483; baseline -0.001 -19"><span class='ocrx_word' id='word_1_113' title='bbox 493 2391 618 2481; x_wconf 82' lang='grc' dir='ltr'><strong><em>οόραῑος</em></strong></span> <span class='ocrx_word' id='word_1_114' title='bbox 640 2393 705 2483; x_wconf 85' lang='grc' dir='ltr'><strong>τὴν</strong></span> <span class='ocrx_word' id='word_1_115' title='bbox 727 2389 810 2480; x_wconf 80' lang='grc' dir='ltr'><strong><em>ὄψιν</em></strong></span> <span class='ocrx_word' id='word_1_116' title='bbox 823 2403 878 2468; x_wconf 78' lang='grc' dir='ltr'><strong>καὶ</strong></span> <span class='ocrx_word' id='word_1_117' title='bbox 893 2428 950 2469; x_wconf 82' lang='grc' dir='ltr'><strong>κα·</strong></span> <span class='ocrx_word' id='word_1_118' title='bbox 993 2403 1124 2467; x_wconf 79' lang='lat' dir='ltr'><strong>honesta</strong></span> <span class='ocrx_word' id='word_1_119' title='bbox 1154 2403 1263 2480; x_wconf 81' lang='lat' dir='ltr'><strong>forme,</strong></span> <span class='ocrx_word' id='word_1_120' title='bbox 1292 2411 1382 2466; x_wconf 77' lang='lat' dir='ltr'><strong>aetate</strong></span> <span class='ocrx_word' id='word_1_121' title='bbox 1407 2407 1483 2466; x_wconf 77' lang='lat' dir='ltr'><strong>satio</strong></span> <span class='ocrx_word' id='word_1_122' title='bbox 1508 2404 1625 2480; x_wconf 68' lang='lat' dir='ltr'><strong>tureyo,</strong></span> 
     </span>
     <span class='ocr_line' id='line_1_18' title="bbox 491 2492 1622 2586; baseline -0.001 -22"><span class='ocrx_word' id='word_1_123' title='bbox 491 2492 551 2574; x_wconf 86' lang='grc' dir='ltr'><strong>λὸς</strong></span> <span class='ocrx_word' id='word_1_124' title='bbox 569 2500 707 2564; x_wconf 78' lang='grc' dir='ltr'><strong><em>ἰδέσθαι.</em></strong></span> <span class='ocrx_word' id='word_1_125' title='bbox 723 2493 832 2585; x_wconf 82' lang='grc' dir='ltr'><strong><em>μήτηρ</em></strong></span> <span class='ocrx_word' id='word_1_126' title='bbox 846 2519 948 2586; x_wconf 90' lang='grc' dir='ltr'><strong><em>προσ·</em></strong></span> <span class='ocrx_word' id='word_1_127' title='bbox 991 2525 1026 2566; x_wconf 80' lang='lat' dir='ltr'><strong>ec</strong></span> <span class='ocrx_word' id='word_1_128' title='bbox 1047 2507 1106 2566; x_wconf 76' lang='lat' dir='ltr'><strong>ario</strong></span> <span class='ocrx_word' id='word_1_129' title='bbox 1120 2507 1207 2566; x_wconf 79' lang='lat' dir='ltr'><strong>lutere</strong></span> <span class='ocrx_word' id='word_1_130' title='bbox 1220 2505 1321 2566; x_wconf 84' lang='lat' dir='ltr'><strong>meter</strong></span> <span class='ocrx_word' id='word_1_131' title='bbox 1334 2507 1475 2583; x_wconf 77' lang='lat' dir='ltr'><strong>operris</strong></span> <span class='ocrx_word' id='word_1_132' title='bbox 1489 2504 1622 2564; x_wconf 66' lang='lat' dir='ltr'><strong>crinitum</strong></span> 
     </span>
     <span class='ocr_line' id='line_1_19' title="bbox 493 2595 1622 2683; baseline 0 -21"><span class='ocrx_word' id='word_1_133' title='bbox 493 2599 692 2682; x_wconf 77' lang='grc' dir='ltr'><strong><em>εληλυθέτοο</em></strong></span> <span class='ocrx_word' id='word_1_134' title='bbox 782 2595 949 2678; x_wconf 74' lang='grc' dir='ltr'><strong><em>ἐλεεινοὺς</em></strong></span> <span class='ocrx_word' id='word_1_135' title='bbox 992 2604 1182 2683; x_wconf 75' lang='lat' dir='ltr'>deprecetur,</span> <span class='ocrx_word' id='word_1_136' title='bbox 1205 2607 1236 2666; x_wconf 89' lang='lat' dir='ltr'><strong>et</strong></span> <span class='ocrx_word' id='word_1_137' title='bbox 1257 2601 1426 2666; x_wconf 83' lang='lat' dir='ltr'><strong>senectutis</strong></span> <span class='ocrx_word' id='word_1_138' title='bbox 1441 2622 1515 2664; x_wconf 82' lang='lat' dir='ltr'><strong>suco</strong></span> <span class='ocrx_word' id='word_1_139' title='bbox 1530 2601 1622 2663; x_wconf 89' lang='lat' dir='ltr'><strong>mise·</strong></span> 
     </span>
     <span class='ocr_line' id='line_1_20' title="bbox 491 2689 1105 2782; baseline 0.003 -21"><span class='ocrx_word' id='word_1_140' title='bbox 491 2699 730 2781; x_wconf 79' lang='grc' dir='ltr'><strong><em>προσφέρουσα</em></strong></span> <span class='ocrx_word' id='word_1_141' title='bbox 752 2689 874 2781; x_wconf 79' lang='grc' dir='ltr'><strong><em>λόγους</em></strong></span> <span class='ocrx_word' id='word_1_142' title='bbox 896 2701 947 2782; x_wconf 81' lang='grc' dir='ltr'><strong>τῷ</strong></span> <span class='ocrx_word' id='word_1_143' title='bbox 992 2706 1105 2782; x_wconf 79' lang='lat' dir='ltr'><strong>rentur,</strong></span> 
     </span>
     <span class='ocr_line' id='line_1_21' title="bbox 492 2791 948 2884; baseline 0.004 -22"><span class='ocrx_word' id='word_1_144' title='bbox 492 2791 948 2884; x_wconf 73' lang='grc' dir='ltr'><strong><em>δικαστῇ,ἵναέλεηθῇαῦτῆς</em></strong></span> 
     </span>
     <span class='ocr_line' id='line_1_22' title="bbox 491 2887 1213 2982; baseline 0.003 -20"><span class='ocrx_word' id='word_1_145' title='bbox 491 2891 532 2962; x_wconf 87' lang='grc' dir='ltr'><strong>τὸ</strong></span> <span class='ocrx_word' id='word_1_146' title='bbox 548 2897 661 2980; x_wconf 81' lang='grc' dir='ltr'><strong><em>γῆρας,</em></strong></span> <span class='ocrx_word' id='word_1_147' title='bbox 685 2887 705 2981; x_wconf 84' lang='grc' dir='ltr'><em>ἦ</em></span> <span class='ocrx_word' id='word_1_148' title='bbox 723 2892 805 2982; x_wconf 84' lang='grc' dir='ltr'><strong><em>γυνὴ</em></strong></span> <span class='ocrx_word' id='word_1_149' title='bbox 822 2892 948 2964; x_wconf 84' lang='grc' dir='ltr'><strong><em>τούτου</em></strong></span> <span class='ocrx_word' id='word_1_150' title='bbox 990 2922 1028 2962; x_wconf 87' lang='lat' dir='ltr'><strong>ex</strong></span> <span class='ocrx_word' id='word_1_151' title='bbox 1049 2898 1110 2963; x_wconf 79' lang='lat' dir='ltr'><strong>elio</strong></span> <span class='ocrx_word' id='word_1_152' title='bbox 1132 2921 1213 2964; x_wconf 88' lang='lat' dir='ltr'><strong>uxor</strong></span> 
     </span>
     <span class='ocr_line' id='line_1_23' title="bbox 492 2988 1621 3082; baseline 0.004 -22"><span class='ocrx_word' id='word_1_153' title='bbox 492 2997 554 3061; x_wconf 82' lang='grc' dir='ltr'><strong>τοῦ</strong></span> <span class='ocrx_word' id='word_1_154' title='bbox 590 2988 731 3076; x_wconf 76' lang='grc' dir='ltr'><strong><em>ἀναξίου</em></strong></span> <span class='ocrx_word' id='word_1_155' title='bbox 766 2997 947 3082; x_wconf 76' lang='grc' dir='ltr'><strong><em>ἐλεηθῆναι</em></strong></span> <span class='ocrx_word' id='word_1_156' title='bbox 990 3021 1029 3062; x_wconf 89' lang='lat' dir='ltr'><strong>ne</strong></span> <span class='ocrx_word' id='word_1_157' title='bbox 1050 2999 1152 3064; x_wconf 83' lang='lat' dir='ltr'><strong>virum</strong></span> <span class='ocrx_word' id='word_1_158' title='bbox 1178 3021 1271 3062; x_wconf 83' lang='lat' dir='ltr'><strong>suum</strong></span> <span class='ocrx_word' id='word_1_159' title='bbox 1294 2998 1464 3063; x_wconf 80' lang='lat' dir='ltr'><strong>interficiet</strong></span> <span class='ocrx_word' id='word_1_160' title='bbox 1484 3003 1621 3064; x_wconf 67' lang='lat' dir='ltr'><strong>hotma-</strong></span> 
     </span>
     <span class='ocr_line' id='line_1_24' title="bbox 491 3088 1621 3181; baseline 0.001 -22"><span class='ocrx_word' id='word_1_161' title='bbox 491 3098 740 3178; x_wconf 81' lang='grc' dir='ltr'><strong><em>παρακαλείτεσ,</em></strong></span> <span class='ocrx_word' id='word_1_162' title='bbox 756 3099 831 3177; x_wconf 79' lang='grc' dir='ltr'><strong><em>περὶ</em></strong></span> <span class='ocrx_word' id='word_1_163' title='bbox 841 3088 948 3164; x_wconf 76' lang='grc' dir='ltr'><strong><em>αὐτοῦ</em></strong></span> <span class='ocrx_word' id='word_1_164' title='bbox 989 3103 1042 3161; x_wconf 75' lang='lat' dir='ltr'><strong>oue</strong></span> <span class='ocrx_word' id='word_1_165' title='bbox 1070 3121 1136 3162; x_wconf 88' lang='grc' dir='ltr'><strong><em>υοσι</em></strong></span> <span class='ocrx_word' id='word_1_166' title='bbox 1165 3097 1321 3181; x_wconf 77' lang='lat' dir='ltr'>deploret,</span> <span class='ocrx_word' id='word_1_167' title='bbox 1358 3099 1560 3162; x_wconf 66' lang='lat' dir='ltr'><strong>circumstent</strong></span> <span class='ocrx_word' id='word_1_168' title='bbox 1590 3103 1621 3160; x_wconf 90' lang='lat' dir='ltr'><strong>et</strong></span> 
     </span>
     <span class='ocr_line' id='line_1_25' title="bbox 491 3188 1516 3280; baseline 0.003 -21"><span class='ocrx_word' id='word_1_169' title='bbox 491 3195 593 3259; x_wconf 76' lang='grc' dir='ltr'><strong><em>τέκνα</em></strong></span> <span class='ocrx_word' id='word_1_170' title='bbox 623 3188 869 3279; x_wconf 84' lang='grc' dir='ltr'><strong><em>περιεστηκότα</em></strong></span> <span class='ocrx_word' id='word_1_171' title='bbox 900 3197 949 3261; x_wconf 83' lang='grc' dir='ltr'><strong>δε·</strong></span> <span class='ocrx_word' id='word_1_172' title='bbox 991 3197 1114 3280; x_wconf 84' lang='lat' dir='ltr'><strong>pervuli</strong></span> <span class='ocrx_word' id='word_1_173' title='bbox 1136 3197 1227 3261; x_wconf 90' lang='lat' dir='ltr'><strong>liberi</strong></span> <span class='ocrx_word' id='word_1_174' title='bbox 1248 3203 1303 3261; x_wconf 75' lang='lat' dir='ltr'><strong>cit)</strong></span> <span class='ocrx_word' id='word_1_175' title='bbox 1326 3201 1391 3262; x_wconf 83' lang='lat' dir='ltr'><strong>orbi</strong></span> <span class='ocrx_word' id='word_1_176' title='bbox 1410 3202 1516 3279; x_wconf 76' lang='lat' dir='ltr'><strong>futuri.</strong></span> 
     </span>
     <span class='ocr_line' id='line_1_26' title="bbox 491 3295 593 3359; baseline 0 -1"><span class='ocrx_word' id='word_1_177' title='bbox 491 3295 593 3359; x_wconf 76' lang='grc' dir='ltr'><strong><em>έσθεο.</em></strong></span> 
     </span>
    </p>
   </div>
   <div class='ocr_carea' id='block_1_7' title="bbox 317 3453 1621 3842">
    <p class='ocr_par' dir='ltr' id='par_1_7' title="bbox 317 3453 1621 3842">
     <span class='ocr_line' id='line_1_27' title="bbox 317 3453 1620 3545; baseline 0.001 -22"><span class='ocrx_word' id='word_1_178' title='bbox 317 3459 347 3523; x_wconf 87' lang='lat' dir='ltr'><strong>S.</strong></span> <span class='ocrx_word' id='word_1_179' title='bbox 370 3465 417 3536; x_wconf 85' lang='lat'><strong>93,</strong></span> <span class='ocrx_word' id='word_1_180' title='bbox 428 3465 466 3525; x_wconf 81' lang='lat'><strong>29</strong></span> <span class='ocrx_word' id='word_1_181' title='bbox 489 3453 531 3524; x_wconf 86' lang='grc' dir='ltr'><strong>τό</strong></span> <span class='ocrx_word' id='word_1_182' title='bbox 557 3457 806 3536; x_wconf 78' lang='grc' dir='ltr'><strong><em>,,ἐνοοτλσασθε“</em></strong></span> <span class='ocrx_word' id='word_1_183' title='bbox 833 3459 878 3536; x_wconf 83' lang='grc' dir='ltr'><strong>εἰς</strong></span> <span class='ocrx_word' id='word_1_184' title='bbox 905 3454 947 3526; x_wconf 81' lang='grc' dir='ltr'><strong>τὰ</strong></span> <span class='ocrx_word' id='word_1_185' title='bbox 991 3462 1117 3526; x_wconf 81' lang='lat' dir='ltr'><strong>nuribus</strong></span> <span class='ocrx_word' id='word_1_186' title='bbox 1132 3461 1291 3545; x_wconf 88' lang='lat' dir='ltr'><strong>percipere</strong></span> <span class='ocrx_word' id='word_1_187' title='bbox 1307 3462 1620 3543; x_wconf 60' lang='lat' dir='ltr'><strong>commemorarem</strong></span> 
     </span>
     <span class='ocr_line' id='line_1_28' title="bbox 368 3545 1621 3645; baseline 0 -21"><span class='ocrx_word' id='word_1_188' title='bbox 368 3611 371 3624; x_wconf 93' lang='lat'>.</span> <span class='ocrx_word' id='word_1_189' title='bbox 492 3545 566 3623; x_wconf 77' lang='grc' dir='ltr'><strong>ὦτα</strong></span> <span class='ocrx_word' id='word_1_190' title='bbox 617 3559 757 3639; x_wconf 76' lang='grc' dir='ltr'><strong><em>δέξασθε</em></strong></span> <span class='ocrx_word' id='word_1_191' title='bbox 804 3560 860 3624; x_wconf 82' lang='grc' dir='ltr'><strong>καὶ</strong></span> <span class='ocrx_word' id='word_1_192' title='bbox 907 3554 947 3626; x_wconf 89' lang='grc' dir='ltr'><strong>τὸ</strong></span> <span class='ocrx_word' id='word_1_193' title='bbox 989 3561 1113 3644; x_wconf 76' lang='lat' dir='ltr'><strong>uidetur)</strong></span> <span class='ocrx_word' id='word_1_194' title='bbox 1140 3561 1268 3625; x_wconf 77' lang='lat' dir='ltr'><strong>curibus</strong></span> <span class='ocrx_word' id='word_1_195' title='bbox 1295 3583 1442 3645; x_wconf 79' lang='lat' dir='ltr'><strong>eaquae</strong></span> <span class='ocrx_word' id='word_1_196' title='bbox 1473 3561 1621 3625; x_wconf 88' lang='lat' dir='ltr'><strong>dicuntur</strong></span> 
     </span>
     <span class='ocr_line' id='line_1_29' title="bbox 490 3647 1619 3742; baseline -0.002 -18"><span class='ocrx_word' id='word_1_197' title='bbox 490 3649 698 3738; x_wconf 79' lang='grc' dir='ltr'><strong><em>,,σῖκοόσατε“</em></strong></span> <span class='ocrx_word' id='word_1_198' title='bbox 717 3647 739 3740; x_wconf 80' lang='grc' dir='ltr'><strong><em>ἢ</em></strong></span> <span class='ocrx_word' id='word_1_199' title='bbox 759 3657 789 3738; x_wconf 91' lang='lat' dir='ltr'><strong>[l.</strong></span> <span class='ocrx_word' id='word_1_200' title='bbox 805 3656 841 3740; x_wconf 82' lang='grc' dir='ltr'><strong>εἰ]</strong></span> <span class='ocrx_word' id='word_1_201' title='bbox 861 3653 948 3742; x_wconf 89' lang='grc' dir='ltr'><strong><em>πρὸς</em></strong></span> <span class='ocrx_word' id='word_1_202' title='bbox 989 3663 1106 3726; x_wconf 83' lang='lat' dir='ltr'><strong>audire.</strong></span> <span class='ocrx_word' id='word_1_203' title='bbox 1127 3665 1208 3742; x_wconf 82' lang='lat' dir='ltr'><strong>quod</strong></span> <span class='ocrx_word' id='word_1_204' title='bbox 1221 3665 1490 3742; x_wconf 79' lang='lat' dir='ltr'><strong>eutemproeoedit:</strong></span> <span class='ocrx_word' id='word_1_205' title='bbox 1506 3660 1619 3737; x_wconf 77' lang='lat' dir='ltr'><strong>audite,</strong></span> 
     </span>
     <span class='ocr_line' id='line_1_30' title="bbox 492 3747 1621 3842; baseline 0 -20"><span class='ocrx_word' id='word_1_206' title='bbox 492 3747 753 3842; x_wconf 77' lang='grc' dir='ltr'><strong><em>ἄντιδιαστολὴν</em></strong></span> <span class='ocrx_word' id='word_1_207' title='bbox 814 3759 946 3840; x_wconf 78' lang='grc' dir='ltr'><strong><em>λέγεται</em></strong></span> <span class='ocrx_word' id='word_1_208' title='bbox 988 3762 1015 3825; x_wconf 87' lang='lat' dir='ltr'><strong>si</strong></span> <span class='ocrx_word' id='word_1_209' title='bbox 1045 3763 1085 3824; x_wconf 81' lang='lat' dir='ltr'><strong>ed</strong></span> <span class='ocrx_word' id='word_1_210' title='bbox 1110 3759 1344 3825; x_wconf 86' lang='lat' dir='ltr'><strong>distinctionem</strong></span> <span class='ocrx_word' id='word_1_211' title='bbox 1374 3761 1440 3842; x_wconf 84' lang='lat' dir='ltr'><strong>ejus</strong></span> <span class='ocrx_word' id='word_1_212' title='bbox 1462 3759 1621 3842; x_wconf 80' lang='lat' dir='ltr'><strong>praecepti</strong></span> 
     </span>
    </p>
   </div>
   <div class='ocr_carea' id='block_1_8' title="bbox 489 3850 1620 4240">
    <p class='ocr_par' dir='ltr' id='par_1_8' title="bbox 489 3850 1620 4240">
     <span class='ocr_line' id='line_1_31' title="bbox 490 3850 1620 3944; baseline 0 -22"><span class='ocrx_word' id='word_1_213' title='bbox 490 3857 553 3922; x_wconf 82' lang='grc' dir='ltr'><strong>τοῦ</strong></span> <span class='ocrx_word' id='word_1_214' title='bbox 588 3854 848 3938; x_wconf 73' lang='grc' dir='ltr'><strong><em>,,ἒνωτὶοασθε“,</em></strong></span> <span class='ocrx_word' id='word_1_215' title='bbox 885 3850 945 3944; x_wconf 87' lang='grc' dir='ltr'><strong>μή·</strong></span> <span class='ocrx_word' id='word_1_216' title='bbox 988 3859 1102 3924; x_wconf 90' lang='lat' dir='ltr'><strong>dicitur</strong></span> <span class='ocrx_word' id='word_1_217' title='bbox 1131 3865 1212 3942; x_wconf 83' lang='lat' dir='ltr'><strong>quod</strong></span> <span class='ocrx_word' id='word_1_218' title='bbox 1244 3860 1308 3942; x_wconf 89' lang='lat' dir='ltr'><strong>[ubi</strong></span> <span class='ocrx_word' id='word_1_219' title='bbox 1334 3859 1360 3924; x_wconf 80' lang='lat' dir='ltr'>C</span> <span class='ocrx_word' id='word_1_220' title='bbox 1389 3863 1425 3924; x_wconf 89' lang='lat' dir='ltr'><strong>ut</strong></span> <span class='ocrx_word' id='word_1_221' title='bbox 1455 3856 1489 3939; x_wconf 80' lang='lat' dir='ltr'><strong>L]</strong></span> <span class='ocrx_word' id='word_1_222' title='bbox 1517 3869 1620 3940; x_wconf 79' lang='lat' dir='ltr'><strong>postea</strong></span> 
     </span>
     <span class='ocr_line' id='line_1_32' title="bbox 489 3953 1618 4043; baseline 0.002 -22"><span class='ocrx_word' id='word_1_223' title='bbox 489 3957 578 4022; x_wconf 87' lang='grc' dir='ltr'><strong><em>ποτέ</em></strong></span> <span class='ocrx_word' id='word_1_224' title='bbox 602 3954 694 4022; x_wconf 77' lang='grc' dir='ltr'><strong><em>ἐστιν</em></strong></span> <span class='ocrx_word' id='word_1_225' title='bbox 715 3954 761 4034; x_wconf 80' lang='grc' dir='ltr'><strong>εἰς</strong></span> <span class='ocrx_word' id='word_1_226' title='bbox 789 3953 855 4042; x_wconf 83' lang='grc' dir='ltr'><strong>τὴν</strong></span> <span class='ocrx_word' id='word_1_227' title='bbox 877 3958 943 4024; x_wconf 81' lang='grc' dir='ltr'><strong><em>δια·</em></strong></span> <span class='ocrx_word' id='word_1_228' title='bbox 988 3963 1114 4040; x_wconf 78' lang='lat' dir='ltr'><strong>insert:</strong></span> <span class='ocrx_word' id='word_1_229' title='bbox 1136 3960 1264 4023; x_wconf 82' lang='lat' dir='ltr'><strong>auribus</strong></span> <span class='ocrx_word' id='word_1_230' title='bbox 1289 3958 1450 4043; x_wconf 89' lang='lat' dir='ltr'><strong>percipite,</strong></span> <span class='ocrx_word' id='word_1_231' title='bbox 1477 3960 1537 4023; x_wconf 90' lang='lat' dir='ltr'><strong>hoc</strong></span> <span class='ocrx_word' id='word_1_232' title='bbox 1562 3959 1618 4023; x_wconf 90' lang='lat' dir='ltr'><strong>im·</strong></span> 
     </span>
     <span class='ocr_line' id='line_1_33' title="bbox 491 4054 1619 4141; baseline 0 -21"><span class='ocrx_word' id='word_1_233' title='bbox 491 4057 589 4122; x_wconf 79' lang='grc' dir='ltr'><strong>νοίαν</strong></span> <span class='ocrx_word' id='word_1_234' title='bbox 631 4054 788 4137; x_wconf 76' lang='grc' dir='ltr'><strong><em>δέξασθαι</em></strong></span> <span class='ocrx_word' id='word_1_235' title='bbox 833 4057 862 4140; x_wconf 82' lang='lat' dir='ltr'><strong>[l.</strong></span> <span class='ocrx_word' id='word_1_236' title='bbox 898 4059 947 4124; x_wconf 79' lang='grc' dir='ltr'><strong>δέ·</strong></span> <span class='ocrx_word' id='word_1_237' title='bbox 989 4063 1078 4141; x_wconf 79' lang='lat' dir='ltr'><strong>perut</strong></span> <span class='ocrx_word' id='word_1_238' title='bbox 1107 4063 1144 4122; x_wconf 92' lang='lat' dir='ltr'><strong>ut</strong></span> <span class='ocrx_word' id='word_1_239' title='bbox 1171 4058 1205 4123; x_wconf 94' lang='lat' dir='ltr'><strong>in</strong></span> <span class='ocrx_word' id='word_1_240' title='bbox 1235 4063 1372 4124; x_wconf 87' lang='lat' dir='ltr'><strong>mentem</strong></span> <span class='ocrx_word' id='word_1_241' title='bbox 1396 4069 1423 4123; x_wconf 78' lang='lat' dir='ltr'><strong>el</strong></span> <span class='ocrx_word' id='word_1_242' title='bbox 1443 4081 1566 4123; x_wconf 66' lang='lat' dir='ltr'><strong>seucum</strong></span> <span class='ocrx_word' id='word_1_243' title='bbox 1586 4082 1619 4121; x_wconf 83' lang='lat' dir='ltr'><strong>ea</strong></span> 
     </span>
     <span class='ocr_line' id='line_1_34' title="bbox 490 4157 1422 4240; baseline 0.002 -19"><span class='ocrx_word' id='word_1_244' title='bbox 490 4158 615 4236; x_wconf 66' lang='lat' dir='ltr'><strong>§contet</strong></span> <span class='ocrx_word' id='word_1_245' title='bbox 989 4181 1064 4239; x_wconf 84' lang='lat' dir='ltr'><strong>quae</strong></span> <span class='ocrx_word' id='word_1_246' title='bbox 1085 4164 1234 4238; x_wconf 76' lang='lat' dir='ltr'><strong>dicuntur,</strong></span> <span class='ocrx_word' id='word_1_247' title='bbox 1257 4157 1422 4240; x_wconf 76' lang='lat' dir='ltr'><strong>excipiant</strong></span> 
     </span>
    </p>
   </div>
   <div class='ocr_carea' id='block_1_9' title="bbox 317 4307 1619 4704">
    <p class='ocr_par' dir='ltr' id='par_1_9' title="bbox 317 4307 1619 4704">
     <span class='ocr_line' id='line_1_35' title="bbox 317 4307 1618 4405; baseline 0.002 -21"><span class='ocrx_word' id='word_1_248' title='bbox 317 4321 347 4384; x_wconf 90' lang='lat' dir='ltr'><strong>S.</strong></span> <span class='ocrx_word' id='word_1_249' title='bbox 370 4325 419 4395; x_wconf 83' lang='lat'><strong>94,</strong></span> <span class='ocrx_word' id='word_1_250' title='bbox 432 4327 469 4387; x_wconf 81' lang='lat'><strong>14</strong></span> <span class='ocrx_word' id='word_1_251' title='bbox 492 4307 551 4386; x_wconf 85' lang='grc' dir='ltr'><strong>ότε</strong></span> <span class='ocrx_word' id='word_1_252' title='bbox 575 4321 637 4404; x_wconf 79' lang='grc' dir='ltr'><strong>μὲν</strong></span> <span class='ocrx_word' id='word_1_253' title='bbox 618 4314 726 4405; x_wconf 81' lang='grc' dir='ltr'><strong>νγᾶρ</strong></span> <span class='ocrx_word' id='word_1_254' title='bbox 752 4345 843 4386; x_wconf 91' lang='grc' dir='ltr'><strong><em>πανυ</em></strong></span> <span class='ocrx_word' id='word_1_255' title='bbox 869 4311 947 4388; x_wconf 86' lang='grc' dir='ltr'><strong><em>αλό-</em></strong></span> <span class='ocrx_word' id='word_1_256' title='bbox 991 4322 1094 4388; x_wconf 84' lang='lat' dir='ltr'><strong>chus</strong></span> <span class='ocrx_word' id='word_1_257' title='bbox 1084 4327 1162 4387; x_wconf 82' lang='lat' dir='ltr'><strong>rrre</strong></span> <span class='ocrx_word' id='word_1_258' title='bbox 1149 4321 1346 4388; x_wconf 82' lang='lat' dir='ltr'><strong>ronabrlret</strong></span> <span class='ocrx_word' id='word_1_259' title='bbox 1358 4327 1520 4387; x_wconf 75' lang='lat' dir='ltr'><strong>stultorum</strong></span> <span class='ocrx_word' id='word_1_260' title='bbox 1532 4344 1618 4387; x_wconf 91' lang='lat' dir='ltr'><strong>more</strong></span> 
     </span>
     <span class='ocr_line' id='line_1_36' title="bbox 490 4411 1618 4536; baseline 0.001 -52"><span class='ocrx_word' id='word_1_261' title='bbox 490 4441 558 4502; x_wconf 87' lang='grc' dir='ltr'><strong>γως</strong></span> <span class='ocrx_word' id='word_1_262' title='bbox 577 4420 811 4505; x_wconf 75' lang='grc' dir='ltr'><strong><em>ἐπαιρομένοις</em></strong></span> <span class='ocrx_word' id='word_1_263' title='bbox 825 4423 881 4486; x_wconf 84' lang='grc' dir='ltr'><strong>καὶ</strong></span> <span class='ocrx_word' id='word_1_264' title='bbox 895 4411 947 4536; x_wconf 74' lang='lat' dir='ltr'><strong>tp’</strong></span> <span class='ocrx_word' id='word_1_265' title='bbox 990 4421 1022 4484; x_wconf 93' lang='lat' dir='ltr'><strong>in</strong></span> <span class='ocrx_word' id='word_1_266' title='bbox 1044 4420 1103 4486; x_wconf 86' lang='lat' dir='ltr'><strong>his</strong></span> <span class='ocrx_word' id='word_1_267' title='bbox 1125 4421 1260 4502; x_wconf 87' lang='lat' dir='ltr'><strong>effertur,</strong></span> <span class='ocrx_word' id='word_1_268' title='bbox 1282 4444 1363 4507; x_wconf 82' lang='lat' dir='ltr'><strong>quoe</strong></span> <span class='ocrx_word' id='word_1_269' title='bbox 1382 4421 1485 4506; x_wconf 76' lang='lat' dir='ltr'><strong>magis</strong></span> <span class='ocrx_word' id='word_1_270' title='bbox 1499 4424 1618 4504; x_wconf 90' lang='lat' dir='ltr'><strong>pudore</strong></span> 
     </span>
     <span class='ocr_line' id='line_1_37' title="bbox 491 4505 1619 4608; baseline -0.002 -24"><span class='ocrx_word' id='word_1_271' title='bbox 491 4505 520 4604; x_wconf 81' lang='grc' dir='ltr'><em>ᾦ</em></span> <span class='ocrx_word' id='word_1_272' title='bbox 549 4511 626 4586; x_wconf 79' lang='grc' dir='ltr'><strong><em>ουδὲ</em></strong></span> <span class='ocrx_word' id='word_1_273' title='bbox 653 4513 738 4586; x_wconf 80' lang='grc' dir='ltr'><strong><em>κατὰ</em></strong></span> <span class='ocrx_word' id='word_1_274' title='bbox 770 4514 811 4585; x_wconf 87' lang='grc' dir='ltr'><strong>τό</strong></span> <span class='ocrx_word' id='word_1_275' title='bbox 839 4516 948 4586; x_wconf 87' lang='grc' dir='ltr'><strong><em>ποσόν</em></strong></span> <span class='ocrx_word' id='word_1_276' title='bbox 992 4519 1098 4608; x_wconf 81' lang='lat' dir='ltr'><strong>digna</strong></span> <span class='ocrx_word' id='word_1_277' title='bbox 1102 4524 1183 4599; x_wconf 86' lang='lat' dir='ltr'><strong>eunt,</strong></span> <span class='ocrx_word' id='word_1_278' title='bbox 1198 4533 1335 4587; x_wconf 79' lang='lat' dir='ltr'><strong>outcerte</strong></span> <span class='ocrx_word' id='word_1_279' title='bbox 1349 4525 1619 4588; x_wconf 76' lang='lat' dir='ltr'><strong>modumelatiom&#39;n</strong></span> 
     </span>
     <span class='ocr_line' id='line_1_38' title="bbox 490 4617 1121 4704; baseline 0 -20"><span class='ocrx_word' id='word_1_280' title='bbox 490 4617 688 4704; x_wconf 73' lang='grc' dir='ltr'><strong><em>ἐπαίρεσθαι</em></strong></span> <span class='ocrx_word' id='word_1_281' title='bbox 709 4643 781 4704; x_wconf 86' lang='grc' dir='ltr'><strong><em>χρη.</em></strong></span> <span class='ocrx_word' id='word_1_282' title='bbox 991 4624 1121 4684; x_wconf 78' lang='lat' dir='ltr'><strong>eccedit.</strong></span> 
     </span>
    </p>
   </div>
   <div class='ocr_carea' id='block_1_10' title="bbox 0 0 1856 5540">
    <p class='ocr_par' dir='ltr' id='par_1_10' title="bbox 0 0 1856 5540">
     <span class='ocr_line' id='line_1_39' title="bbox 0 0 1856 5540; baseline 0 2"><span class='ocrx_word' id='word_1_283' title='bbox 0 0 1856 5540; x_wconf 95' lang='lat' dir='ltr'><strong> </strong></span> 
     </span>
    </p>
   </div>
  </div>
 </body>
</html>
