3694 5542
416 460 468 515 Dio
484 459 690 530 selbstundigen
707 459 871 530 Fragmento
888 477 936 514 aus
954 461 1003 516 der
1020 461 1282 531 Prophetenkatene.
1440 470 1501 532 223

198 640 269 706 ειν,
296 619 364 694 άπὸ
391 630 511 709 σοφίας
538 618 642 711 λόγον
669 632 789 709 σοφίας
816 621 864 706 ώς
886 620 928 693 ἂν
950 631 1004 694 καί
1027 621 1149 706 ἄλλους
1172 623 1407 714 οίκοδομήσης,
1432 621 1500 696 άπὸ

197 720 422 812 σωφροσύνης
447 723 526 812 ἔργα
549 721 771 813 σωφροσύνης
792 721 847 793 ίνα
868 722 1049 812 σώφρονας
1070 721 1213 812 ποιήσῃς
1235 731 1297 814 βίῳ
1319 731 1376 794 καί
1398 724 1500 814 λόγῳ,

197 818 265 894 άπὸ
296 819 508 910 δικαιοσύνης
538 825 616 910 ἔργα
643 819 854 910 δικαιοσύνης
885 827 923 894 ἐν
952 830 1113 913 κοινωνίᾳ
1138 829 1194 894 καὶ
1220 819 1501 912 συναλλάγμασιν.

197 917 284 994 άλλά
304 928 360 992 καὶ
380 928 530 1004 δικαίους
544 919 713 993 διδάσκων
736 919 1042 1010 τεκνοποιήσεις
1063 919 1132 994 άπὸ
1148 922 1369 1010 δικαιοσύνης,
1390 923 1502 1006 υίσῦς

163 1025 231 1091 σδὲ
253 1019 398 1110 ποιήσας
428 1016 505 1092 άπὸ
538 1028 619 1093 τών
648 1026 749 1093 υίοῦν
777 1029 833 1091 καὶ
863 1028 1102 1111 θυγατέρας,
1133 1021 1245 1105 υίοῦς
1269 1027 1331 1111 μὲν
1357 1021 1400 1093 τά
1422 1033 1502 1094 θεῖα

198 1118 351 1210 νοήματα
372 1127 427 1191 καί
449 1119 492 1191 τὰ
511 1117 672 1211 δόγματα,
695 1127 920 1211 θυγατέρας
943 1127 978 1193 δὲ
999 1121 1061 1206 τὰς
1081 1119 1229 1212 πράξεις.

622 1373 679 1442 Nr.
701 1373 808 1440 XLIX
850 1375 965 1442 Jerem.
979 1380 1028 1456 36,
1044 1379 1071 1444 8.

279 1541 364 1626 (127)
388 1542 644 1625 Ταραττομένης
663 1535 726 1627 γάρ
740 1532 949 1628 Ἰερουσαλήμ
964 1541 1174 1626 ἐπικειμένου
1187 1541 1251 1608 τοῦ
1266 1542 1501 1622 Βαβυλωνίου,

197 1635 271 1706 οίον
297 1631 384 1717 είκδς
410 1639 465 1707 έπί
491 1636 682 1726 προγνώσει
706 1643 918 1728 κατέφευγον
939 1634 981 1708 τὸ
1002 1641 1128 1725 μέλλον
1151 1640 1272 1706 είδέναι
1294 1631 1500 1725 βουλόμενοι.

145 1745 178 1798 10
196 1731 271 1808 ἄλλ’
294 1739 325 1806 οί
346 1740 408 1823 μὲν
429 1741 765 1825 ψευδοπροφῆται
787 1741 822 1824 ἐξ
843 1732 940 1826 ύγίου
960 1734 1153 1824 πνεύματος
1173 1740 1353 1823 προλέγειν
1379 1740 1500 1823 διίσχα-

195 1843 346 1925 ρίςοντο·
374 1840 448 1906 τών
475 1839 511 1906 δέ
541 1833 657 1906 ἄλλων
685 1840 717 1909 οί
742 1843 805 1926 μέν
830 1844 1032 1926 μαντείας,
1069 1835 1101 1906 οί
1132 1839 1168 1906 δὲ
1197 1831 1301 1906 πάλιν
1331 1833 1501 1907 ἐνύπνια

195 1927 399 2024 προύφερον.
441 1933 495 2005 διὰ
526 1940 631 2007 τοῦτο
657 1938 708 2006 δεῖ
726 1931 881 2008 καθόλου
906 1932 1017 2025 πάσης
1043 1931 1181 2023 ἀσεβοῦς
1206 1933 1434 2023 προγνώσεως
1455 1932 1500 2024 μή

197 2032 387 2123 άνέχεσθαι·
417 2036 444 2103 εί
474 2032 536 2122 γὰρ
567 2029 702 2123 ἀστέρες
732 2034 837 2124 τυχὸν
872 2040 1056 2125 ἐνεργοῦσι,
1088 2031 1198 2123 μάτην
1223 2030 1403 2122 ἐύχόμεθα.
1446 2031 1499 2106 διό

196 2157 312 2221 φησιν·
343 2137 498 2204 »εἴπωσιν
528 2137 560 2204 οί
592 2130 795 2224 άστρολόγοι
828 2141 890 2206 τοῦ
921 2131 1083 2222 ούρανοῦ,
1114 2140 1149 2205 τί
1169 2131 1365 2217 βουλεύεται
1386 2132 1502 2222 κύριος

145 2242 177 2294 15
194 2238 271 2319 περί
301 2238 386 2318 σοῦ,
418 2239 475 2302 καὶ
514 2229 593 2305 »οῦκ
624 2237 717 2305 ἔσται
751 2232 930 2323 οίωνισμὸς
960 2238 997 2304 ἐν
1021 2229 1150 2320 Ἰακώβ,
1183 2229 1259 2305 οῦδὲ
1292 2239 1434 2320 μαντεία
1463 2237 1501 2304 έν

194 2327 351 2422 Ἰσραήλι.
394 2338 496 2421 γενοῦ
523 2339 643 2406 τοίνυν
670 2332 761 2420 ἄξιος
793 2341 889 2416 θείας
914 2333 1147 2422 προγνώσεως.
1190 2327 1306 2419 ἐπάγει
1332 2331 1395 2421 γάρ
1416 2329 1501 2421 μετά

195 2429 236 2501 τὸ
276 2428 357 2502 »οῦκ
392 2435 485 2506 ἔσται
515 2439 656 2522 μαντεία
687 2437 725 2504 έν
753 2428 914 2521 Ἰσραήλι·
947 2430 1051 2503 »κατὰ
1081 2429 1201 2520 καιρόν
1232 2428 1417 2522 ῥηθήσεται
1447 2438 1499 2522 τῷ

193 2527 311 2615 Ἰακώβ
328 2537 385 2602 καί
407 2537 458 2620 τῷ
480 2528 608 2622 Ἰσραήλ
631 2539 665 2603 τί
686 2536 871 2604 έπιτελέσει
893 2527 912 2603 ό
934 2527 1045 2614 θεόςι.

648 2783 706 2850 Nr.
727 2783 761 2850 L.
802 2783 917 2849 Jerem
933 2751 1044 2862 3621.

143 2961 177 3018 20
277 2953 362 3035 (128)
394 2953 539 3019 Τοιαῦτα
564 2953 715 3018 πείσεται
739 2951 806 3028 πᾶς
833 2951 977 3018 τοιαῦτα
1001 2941 1165 3035 πράσσων
1185 2943 1409 3034 πρεσβύτερος
1430 2939 1498 3015 ύπὸ

194 3051 389 3128 βασιλέως
411 3052 662 3130 Βαβυλῶνος.
706 3051 736 3117 εί
761 3045 824 3135 γὰρ
852 3041 872 3117 ὁ
894 3041 1041 3132 ἀναξίως
1064 3047 1136 3136 [τις]
1159 3041 1427 3134 μεταλαμβάνων
1448 3040 1499 3114 εύ-

191 3153 365 3234 χαριστίας
387 3151 433 3228 είς
454 3154 554 3235 κρίμα
577 3143 731 3236 λήψεται,
753 3144 851 3234 πόσῳ
873 3152 1005 3235 μᾶλλον
1027 3139 1047 3216 ό
1068 3140 1295 3233 καθεζόμενος
1309 3147 1346 3214 έν
1360 3152 1498 3231 πρεσβει-

194 3253 297 3334 τερίῳ
327 3241 495 3317 συνειδότι
521 3250 741 3336 μεμιασμένος
776 3253 833 3317 καὶ
863 3243 903 3318 τὸ
932 3250 1083 3329 Χριστοῦ
1112 3241 1275 3334 μολύνων
1305 3247 1499 3332 συνέδριον;

194 3352 245 3428 τίς
276 3344 337 3434 γάρ
368 3341 462 3434 αύτῷ
493 3341 746 3436 συγκαθήμενος
771 3342 911 3436 εῦλαβὴς
937 3350 1047 3434 λέγειν
1073 3341 1233 3435 τολμήσει
1255 3340 1296 3414 τὸ
1321 3338 1402 3413 »οῦκ
1422 3337 1498 3412 ἐκά-

143 3457 176 3510 25
194 3453 275 3516 θισα
295 3443 380 3534 μετὰ
403 3451 579 3534 συνεδρίου
600 3441 847 3535 ματαιότητοςι
871 3443 992 3516 καὶτὰ
1014 3447 1069 3515 έπί
1091 3441 1244 3528 τούτοις·

279 3682 337 3739 411.
359 3680 732 3753 Vgl.Hier.00mm.1042:
761 3685 793 3738 ut
815 3686 843 3737 εί
859 3681 924 3737 fidei
941 3681 1054 3749 verim,
1078 3699 1148 3752 quae
1168 3681 1364 3752 interpretatur
1380 3680 1410 3734 in
1427 3679 1498 3744 filiis,

192 3765 272 3822 bonis
303 3766 430 3837 operibus
467 3765 622 3837 copuletur,
648 3784 720 3836 quae
745 3767 899 3823 referuntur
921 3767 956 3820 nd
979 3765 1058 3820 filias.
1084 3796 1117 3807 -
1145 3764 1184 3822 14
1217 3766 1281 3836 Vgl.
1307 3765 1360 3821 ίεε.
1386 3767 1428 3830 47,
1458 3766 1499 3820 13.

194 3849 381 3990 '2-5145Num.
400 3852 441 3916 23,
459 3851 500 3906 23.
527 3881 560 3891 -
588 3850 625 3907 17
643 3850 724 3906 Num.
742 3853 783 3918 23,
801 3853 842 3908 23.
869 3881 898 3890 -
928 3849 1282 3919 21v31.11{0r.11,2?.
1308 3879 1341 3890 -
1368 3849 1408 3904 24
1425 3847 1498 3904 Paul.

278 4085 298 4140 θ
315 4081 501 4153 δικαιοσύνης]
519 4085 613 4140 δίκαια
632 4087 667 4152 οΙ
683 4084 733 4140 σὺν
751 4082 923 4154 αλάγμασιο
938 4086 942 4153 1
957 4085 975 4141 θ
991 4087 1121 4154 νοήματα
1139 4089 1166 4138 οἱ
1179 4101 1203 4138 α
1215 4085 1274 4139 Ro
1292 4081 1449 4154 διδάγματα
1466 4081 1497 4136 α·

194 4167 211 4222 i.
228 4168 259 4223 T.
279 4171 284 4237 Ι
303 4169 322 4224 θ
340 4167 520 4242 πρόγνωσινί
539 4167 617 4223 Βίεεε
633 4171 637 4236 Ι
653 4170 692 4225 10
709 4169 923 4241 διιοχνρίζοντο]
941 4168 971 4226 δὲ
988 4166 1163 4242 ἰσχυρίζοντο
1182 4168 1273 4235 0112
1291 4173 1376 4223 τοῦτο
1394 4169 1440 4222 δεῖ
1454 4164 1498 4221 Gh

194 4249 302 4309 τούτων
319 4250 349 4308 δὲ
371 4253 424 4309 οΙσ
444 4253 448 4321 Ι
470 4253 508 4308 18
528 4251 627 4322 τοιχδν
645 4249 846 4324 έναργοῦσινα
868 4257 872 4316 1
897 4249 1052 4324 εὐχόμεθα]
1073 4249 1250 4323 καυχώμεθα
1268 4269 1283 4306 ο
1305 4251 1311 4320 Ι
1336 4251 1374 4307 14
1400 4248 1497 4324 βούλε-

192 4355 240 4392 ται
258 4353 273 4390 α
296 4337 301 4406 Ι
326 4338 364 4394 16
381 4329 498 4409 Ἰσραήλ]
517 4327 583 4408 ἰλ-ημ
601 4353 617 4392 ο
641 4339 645 4406 1
671 4338 707 4394 17
727 4333 767 4406 έν]
785 4348 818 4398 <
836 4355 852 4394 ο
875 4339 879 4406 1
900 4338 937 4393 21
959 4335 1075 4404 ἀνάξιος
1091 4339 1128 4404 σί
1148 4334 1328 4409 εὐχαριστίαν
1345 4333 1431 4404 012ss
1449 4353 1496 4403 με·

193 4421 351 4490 μιασμένος
368 4421 446 4475 Βίεεε
463 4421 648 4497 μεμιασμένῳ
666 4440 702 4477 σο
718 4425 721 4487 Ι
736 4420 779 4492 τὸ]
798 4431 831 4481 <
849 4441 865 4478 ο
880 4425 884 4487 1
901 4423 940 4478 24
959 4419 1085 4496 εὐλαβῶς
1103 4421 1265 4477 Καείεαίιαιι.
