3768 5544
301 504 341 569 86
753 501 892 572 Origenes'
910 499 1168 556 Jeremiahomilien.

300 709 342 720 -
361 657 397 751 <6
420 671 513 754 λέγει
540 662 673 756 »κύριος
702 658 722 735 6
744 663 826 746 θεὸς
855 660 1036 754 ’[σραήλι),
1072 661 1170 748 ἄξιον
1192 665 1280 734 ἔστω
1303 669 1421 750 κυρίου
1443 667 1508 734 τοῦ
1529 667 1616 734 θεοῦ

302 759 429 854 Ἰσραήλ
444 807 485 814 -
502 771 587 848 »πᾶς
607 761 708 848 ᾶσκός
722 760 992 854 πληρωθήσεται
1008 767 1116 835 οἴνου·
1138 769 1195 833 καὶ
1210 763 1303 834 ἔσται
1317 761 1378 833 ἐὰν
1393 763 1514 833 εἴπωσι
1528 757 1616 850 πρός

303 887 351 934 σε·
377 862 422 952 μὴ
445 860 588 952 γνόντες
611 860 652 936 ού
672 859 877 953 γνωσόμεθα
899 856 954 934 ότι
975 868 1044 946 πᾶς
1066 861 1167 945 ἄσκὸς
1189 859 1460 952 πληρωθήσεται
1483 867 1615 949 οἴνους

301 968 358 1034 καὶ
388 966 421 1035 οί
451 959 717 1053 ἀποκρινόμενοι
746 967 808 1052 <εί>
838 966 894 1034 ίπλ
924 967 989 1034 τοῦ
1019 963 1126 1052 ῥητοῦ
1157 963 1303 1045 ἑστῶτες
1324 960 1433 1034 ταῦτά
1456 988 1538 1050 φασι
1559 971 1616 1036 καὶ

268 1076 284 1128 5
303 1069 458 1151 λέγουσιν
481 1069 666 1153 ἐγνωκέναι
689 1056 744 1134 ότι
770 1067 854 1145 »πᾶς
870 1059 971 1145 άσκὸς
986 1059 1256 1152 πληρωθήσεται
1272 1067 1398 1146 οἴνουι,
1414 1061 1614 1150 ψεύδονται·

304 1157 345 1233 ού
370 1161 434 1250 γάρ
463 1168 548 1248 »πᾶς
575 1160 677 1245 άσκός
702 1158 972 1286 πληρωθήσεται
1002 1165 1127 1235 οἴνουι.
1175 1168 1236 1234 είσὶ
1263 1167 1347 1251 γοῦν
1374 1160 1472 1233 ἄσκοί
1498 1167 1615 1236 ἐλαίου

303 1260 541 1386 πληρούμενοι
563 1257 585 1350 6
615 1261 720 1351 ἄλλης
755 1260 857 1351 ύγρᾶς
880 1258 1003 1348 ούσίας,
1040 1267 1147 1351 (τινὲς
1174 1267 1210 1333 δὲ
1239 1270 1296 1333 καὶ
1325 1269 1463 1350 μένουσι
1493 1270 1614 1351 κενοί.>

303 1360 541 1449 φεύδονται”
520 1387 597 1451 αρα·
628 1357 669 1434 ού
703 1359 767 1450 γάρ
800 1367 884 1444 »πᾶς
913 1358 1016 1444 ἄσκός
1043 1359 1311 1486 πληρωθήσεται
1343 1365 1468 1435 οἴνουι.
1508 1357 1615 1434 καί
1595 1392 1614 1434 ο

305 1462 387 1544 λαὸς
410 1458 631 1552 ἀποκρίνεται
653 1459 809 1550 φάσκων·
834 1460 896 1551 »μή
914 1458 1058 1550 γνόντες
1081 1451 1122 1535 ού
1143 1454 1383 1551 γνωσόμεθα”
1363 1491 1418 1532 οτι
1433 1468 1499 1544 πᾶς
1512 1459 1615 1546 ἄσκὸς

253 1575 287 1628 10
305 1559 571 1651 πληρωθήσεται
612 1566 745 1647 οἴνους
788 1554 874 1651 άπερ
913 1559 1099 1652 διηγήσεως
1131 1561 1220 1632 κατά
1264 1560 1305 1632 τὸ
1345 1560 1494 1634 δυνατὸν
1535 1557 1614 1651 ἡμῖν

306 1668 441 1734 τοιᾶσδε
477 1660 637 1748 τεύξεται.
673 1661 734 1734 ἐάν
765 1668 908 1752 είδῶμεν
945 1662 1006 1745 τὰς
1042 1669 1116 1734 τῶν
1148 1665 1255 1734 οἴνων
1286 1661 1453 1749 διαφορᾶς
1482 1668 1538 1733 καὶ
1571 1661 1614 1733 τά

305 1759 468 1851 λεγόμενα
508 1767 586 1848 περὶ
621 1758 752 1846 αύτῶν,
792 1768 849 1834 καί
885 1760 1089 1844 ἀκολούθως
1124 1757 1240 1843 αύτοῑς
1275 1767 1353 1848 περὶ
1388 1768 1462 1832 τῶν
1499 1758 1614 1834 άσκῶν

305 1856 463 1950 ύφόμεθα
485 1855 540 1933 ότι
562 1858 688 1951 άληθίς
709 1865 780 1934 ἐστι
802 1860 844 1933 τό
869 1869 954 1946 »πᾶς
976 1858 1077 1944 άσκός
1099 1857 1365 1950 πληρωθήσεται
1387 1865 1512 1933 οἴνουι.
1547 1865 1614 1933 εἴτε

305 1958 368 2048 γάρ
405 1957 533 2048 ἄγαθός
568 1968 620 2044 τίς
650 1965 757 2046 ἐστιν,
795 1957 842 2032 ἵν’
873 1955 986 2044 ούτως
1016 1957 1254 2051 όνομάσωμεν,
1288 1966 1327 2033 ἐν
1357 1957 1471 2043 άσκοῑς
1503 1955 1614 2046 ἄσιτός,

254 2075 286 2126 15
304 2057 571 2148 πληρωθήσεται
594 2064 691 2132 οἴνου
710 2061 800 2133 κατὰ
821 2060 886 2150 τήν
909 2063 1032 2134 ἑαυτοῦ
1054 2058 1263 2151 άγαθότητα.
1299 2065 1367 2132 εἴτε
1388 2064 1490 2144 ἐστίν,
1514 2057 1562 2143 ῶς
1576 2065 1614 2132 ἐν

305 2166 472 2246 συγκρίσει
503 2157 617 2231 ἄσκῶν
637 2167 693 2230 καί
713 2168 757 2249 τῇ
778 2169 884 2250 κρίσει
906 2167 948 2250 τῇ
970 2167 1047 2248 περὶ
1069 2157 1194 2245 α’ύτῶν,
1217 2159 1400 2251 μοχθηρός,
1429 2169 1487 2231 καί
1510 2158 1614 2244 αύτός

304 2255 392 2328 κατὰ
414 2257 479 2348 τήν
501 2269 693 2348 μοχθηρίαν
715 2257 823 2334 αὐτοῦ
843 2258 1111 2352 πληρωθήσεται
1127 2263 1225 2333 οἴνου
1238 2267 1422 2349 μοχθηροῦ.
1457 2267 1533 2344 πῶς
1552 2253 1614 2333 ούν

305 2359 397 2430 ἔστιν
424 2354 493 2430 άπὸ
519 2365 581 2450 τῆς
605 2365 739 2450 γραφῆς
761 2370 875 2446 λαβεῖν
897 2367 973 2448 περὶ
994 2366 1068 2431 τῶν
1090 2357 1269 2448 διαφόρων
1292 2364 1414 2446 οἴνων;
1455 2367 1533 2448 περὶ
1554 2364 1615 2450 μὲν

220 2474 285 2529 256»Γ
305 2464 380 2530 τῶν
413 2454 579 2550 χειρόνων
613 2465 757 2532 τοιαῦτα
786 2466 983 2548 γέγραπται
1022 2463 1077 2530 »ἐκ
1056 2457 1170 2547 κγάρ
1203 2456 1252 2546 άμ
1250 2464 1363 2532 ίπελου
1392 2455 1615 2547 Σοδόμων“
1593 2488 1615 2580 η

254 2572 289 2630 20
306 2555 457 2646 ἄμπελος
487 2556 617 2644 αύτῶν,
648 2555 756 2630 κάλ’
735 2589 755 2649 η
785 2565 949 2649 κληματίς
978 2554 1095 2631 αύτῶν
1122 2563 1159 2630 ἐκ
1181 2558 1366 2649 Γομόρρας·
1415 2555 1614 2649 ήσταφυλή

162 2656 164 2660 ’
306 2652 422 2730 αύτῶν
448 2658 603 2750 σταφυλή
627 2665 744 2748 χολῆς,
775 2655 898 2747 βότρυς
922 2664 1058 2747 πικρίας
1080 2655 1210 2741 αύτοις
1241 2657 1352 2748 θυμός
1374 2653 1617 2749 δρακόντωνό

307 2754 466 2841 σίνος
423 2765 548 2843 αυτῶν,
571 2766 627 2830 καὶ
648 2757 760 2848 θυμός
783 2754 937 2830 ἄσπίδων
958 2753 1130 2841 άνίατοςι.
1152 2765 1229 2846 περὶ
1252 2762 1288 2830 δε
1302 2765 1376 2830 τῶν
1391 2754 1617 2845 κρειττόνων

309 2855 368 2928 »τό
390 2853 558 2947 ποτήριόν
580 2881 643 2930 σου
663 2855 836 2946 μεθύσκον
856 2886 896 2947 με
920 2854 968 2952 ῶς
996 2855 1212 2947 κράτιστονι,
1234 2854 1326 2930 καίς
1306 2888 1326 2948 η
1341 2867 1445 2946 σοφία
1460 2871 1620 2948 συγκαλεῖ

305 2959 361 3027 ἐπί
387 2955 450 3028 τόν
473 2958 593 3047 ἑαυτῆς
614 2987 767 3076 κρατηρα
790 2963 945 3046 λέγουσα·
976 2959 1129 3042 »ἄλθετε,
1158 2954 1284 3046 φάγετε
1306 2957 1370 3030 τόν
1391 2957 1517 3080 ἐμόν
1496 2987 1614 3080 αρτον,

255 3069 287 3124 25
305 3063 360 3127 καί
386 3065 480 3129 πίετε
508 3057 606 3128 οίνον
633 3051 674 3128 ᾶν
700 3063 864 3148 κεκέρακα
885 3055 991 3147 ύμῐνι.
1034 3058 1127 3128 ἔστιν
1150 3048 1213 3129 ούν
1236 3055 1373 3180 οίνης’
1352 3057 1419 3130 απὸ
1442 3056 1614 3148 Σοδόμων

305 3159 398 3227 καλ”
383 3179 474 3228 εστιν
497 3157 600 3240 οἰνος,
624 3150 665 3228 όν
688 3151 709 3246 6
730 3165 835 3244 σοφία
855 3165 1018 3246 κίρνησιν.
1053 3163 1110 3226 καί
1125 3153 1244 3228 πολιν
1270 3153 1452 3246 »αμπελων
1467 3154 1614 3247 ἐγενηθη

304 3262 355 3344 τῷ
387 3251 593 3345 ἠγαπημένῳ
624 3262 661 3327 ἐν
690 3264 807 3344 κέρατι
837 3261 874 3328 ἐν
903 3251 1003 3344 τόπῳ
1025 3263 1151 3340 πίονιι,
1173 3260 1184 3344 11
1204 3255 1483 3346 πεφυτευμένη“
1462 3257 1529 3330 υπὸ
1552 3286 1616 3330 του
1601 3263 1685 3319 ’194

305 3360 399 3440 θεοῦ,
422 3351 443 3444 6
463 3361 655 3444 καλουμένη
678 3353 829 3445 ἄμπελος
844 3353 982 3446 Σωρήκ,
1003 3348 1161 3444 Ἐκλεκτή
1184 3385 1237 3438 τις
1253 3348 1336 3429 ούσα
1350 3365 1407 3428 καί
1425 3355 1615 3447 Θαυμαστή.

304 3455 375 3524 ἴστι
406 3459 445 3525 δέ
473 3484 527 3538 τις
556 3461 612 3526 καὶ
642 3453 793 3544 ἄμπελος
814 3460 1029 3545 Αἰγυπτίων,
1061 3453 1104 3546 ἢν
1131 3453 1294 3528 πατάσσει
1320 3451 1339 3527 6
1362 3453 1443 3537 θεὸς
1463 3455 1551 3527 κατὰ
1573 3454 1614 3528 τό

389 3701 447 3759 θίῐ.
465 3701 529 3771 vgl.
547 3701 619 3756 Hier.
638 3702 741 3756 Comm.
755 3702 818 3757 932:
843 3703 917 3772 quod
934 3719 1016 3757 omne
1034 3721 1089 3758 non
1108 3702 1180 3770 oleo,
1203 3718 1260 3757 non
1278 3719 1358 3772 aqua,
1376 3719 1432 3756 non
1449 3701 1541 3767 melle,
1559 3718 1616 3755 non

304 3784 390 3848 lacte,
411 3802 467 3839 non
489 3785 545 3840 alia
566 3785 691 3855 qualibet
713 3787 830 3842 maten'a
851 3785 982 3856 liquentis
1005 3785 1147 3854 elemenssi,
1172 3787 1220 3842 εεδ
1242 3787 1318 3852 υἰυο,
1346 3789 1374 3841 εί
1391 3784 1524 3840 ebrietate
1543 3801 1614 3842 com·

303 3870 400 3940 pletur.
420 3899 452 3910 --
472 3870 508 3926 16
526 3869 605 3926 Deuh
617 3872 658 3936 32,
671 3872 712 3926 32.
731 3873 772 3927 33.
789 3903 823 3910 —
842 3871 881 3927 26
899 3871 972 3925 Psal.
984 3871 1026 3931 22.
1039 3875 1063 3928 6.
1081 3903 1114 3910 -
1133 3873 1172 3928 24
1188 3872 1269 3927 Prov.
1282 3875 1307 3938 9,
1319 3869 1438 3928 5.-2θ
1449 3869 1503 3925 ίεε.
1516 3871 1540 3931 5,
1554 3873 1578 3925 1.
1591 3873 1614 3926 2.

304 3983 336 3992 -
364 3953 400 4008 28
426 3954 490 4023 VgL
517 3955 613 4012 Onom.
639 3973 718 4010 εεοεε
738 3955 761 4024 Ι,
777 3957 836 4019 199,
851 3957 895 4010 76:
922 3956 1028 4028 Σωρηκ
1053 3951 1167 4025 ίκλεκτη
1195 3953 1367 4025 ἢκαλλίστη
1390 3955 1457 4025 (ng.
1484 3955 1538 4010 Jes.
1556 3957 1615 4020 62

304 4037 377 4092 LXX
389 4056 415 4094 u.
429 4031 485 4107 Σ’).

390 4251 406 4305 1
427 4243 594 4320 δ-Ἰσραηλ
611 4251 684 4304 nach
700 4249 738 4320 Hn:
767 4249 844 4314 Quod
860 4250 929 4303 διέιλ
946 4249 1083 4303 Βωκίιιυε
1101 4249 1175 4305 Deus
1194 4249 1280 4304 Ιεταεί
1301 4252 1305 4311 Ι
1330 4249 1349 4303 4
1367 4245 1395 4304 εί
1411 4250 1483 4304 nach
1501 4248 1539 4304 H:
1562 4251 1590 4303 ω’
1610 4251 1614 4317 1

303 4332 431 4398 6-s.87,
444 4335 476 4387 31
495 4331 594 4388 Hierzu
611 4333 719 4404 Fragm.
731 4336 765 4390 43
783 4335 812 4388 in
830 4335 862 4389 C:
888 4330 1207 4409 Δευτέρῳ-ἁμαρτιῶν
1231 4337 1235 4402 Ι
1258 4331 1344 4390 θείσὶ
1362 4340 1431 4403 γοῦν
1449 4334 1527 4388 Blass
1545 4332 1615 4389 εἰσιν

305 4409 355 4472 οὖν
373 4417 410 4476 Sl
429 4420 443 4474 7
462 4415 536 4482 τινὲς
554 4415 583 4473 δὲ
600 4421 649 4473 καί
664 4417 783 4487 μένουσι
800 4419 913 4474 κενοίΟ
933 4419 1015 4473 mom·
1031 4425 1080 4472 aut
1097 4425 1164 4473 εετίε
1176 4436 1232 4474 non
1240 4419 1318 4488 μίωιί
1328 4419 1355 4474 Η
1369 4419 1406 4486 18
1423 4417 1616 4489 ψεύδονται-

304 4499 370 4571 γὰρ]
380 4501 518 4556 Dominus
529 4507 619 4557 αιιίεεκ
632 4504 701 4558 dicit
712 4505 738 4558 H
753 4506 757 4571 1
774 4504 813 4560 14
824 4501 1014 4571 δνομοίαωμεν
1024 4503 1067 4558 flu
1076 4499 1275 4572 ὠνομάσαμεν
1288 4505 1305 4558 S
1320 4505 1325 4568 Ι
1341 4505 1379 4558 22
1389 4502 1570 4575 κρειττόνων]
1581 4510 1614 4566 ÷

296 4586 368 4638 θιαεο
390 4587 521 4640 dicuntur
537 4587 563 4641 H
582 4589 586 4650 ί
608 4589 644 4643 26
665 4588 711 4658 με]
730 4598 763 4647 <
780 4587 805 4640 Η
823 4587 878 4656 vgl.
898 4587 923 4642 S.
936 4589 1007 4650 869
1026 4589 1030 4656 Ι
1051 4588 1090 4643 24
1105 4605 1192 4656 μοιωε
1209 4605 1282 4642 meos
1300 4587 1325 4641 H
1348 4589 1353 4655 Ι
1378 4588 1414 4644 λθ
1431 4585 1554 4658 ἐγενήθη
1571 4589 1614 4644 Ru

303 4671 379 4738 sacta
396 4677 434 4724 est
452 4671 478 4725 H
496 4669 633 4743 ἐγεννήθη
646 4675 664 4728 S
679 4675 683 4741 Ι
699 4673 736 4728 26
753 4670 892 4728 πατάσσει
910 4671 981 4726 Huc
996 4673 1115 4740 μενευίιί
1127 4672 1153 4725 Η
1170 4671 1312 4728 πατάσσει
1330 4673 1356 4726 8.
