3694 5542
500 484 550 540 Die
569 485 733 556 Fragmenta
752 504 800 542 aus
818 487 866 542 der
883 487 1150 558 Prophebenkabene.

552 721 609 788 Nr.
631 723 715 789 XIV.
758 724 881 810 Klagel.
896 722 1012 790 Jerem.
1031 733 1055 806 1,
1071 732 1099 790 4.

254 882 345 973 Πρός
375 889 410 956 δὲ
441 882 606 957 διάνοιαν·
637 891 699 976 της
729 892 952 976 σκοπευτικης
981 892 1036 956 καὶ
1064 891 1278 976 θεωρητικῆς
1304 883 1477 977 δυνάμεως

171 983 283 1054 Σιῶν
303 991 514 1076 καλουμένης
534 992 661 1057 πολλαὶ
684 980 772 1057 δδοί
794 990 855 1056 είοι
878 993 953 1056 τῶν
966 993 1137 1058 ποικίλων
1151 983 1343 1074 δογμάτων,
1365 1010 1486 1076 μυστι-

171 1090 247 1153 κῶν
272 1090 386 1153 τεκαὶ
410 1092 564 1172 φυσικῶν
586 1092 641 1156 καὶ
663 1082 809 1176 ἠθικῶν,
837 1082 923 1174 τάχα
946 1091 1057 1157 δὲκαὶ
1081 1091 1239 1174 λογικῶν,
1263 1089 1297 1156 αί
1320 1091 1482 1175 φέρουσαι

138 1187 226 1254 σίπὶ
257 1183 323 1274 τὴν
352 1181 560 1274 κατανόησιν
589 1191 644 1254 καὶ
675 1191 761 1255 θέαν
789 1190 863 1254 τῶν
888 1191 1130 1276 προκειμένων.
1173 1185 1260 1258 ἐπὰν
1282 1177 1346 1257 οὖν
1367 1215 1419 1266 τις
1442 1183 1483 1255 τό

132 1277 137 1286 ’
172 1282 311 1355 τούτων
340 1279 526 1374 ἀσκητικὸν
555 1279 722 1366 ἀπολέσας
752 1293 916 1373 συγχυθῇ,
945 1291 1051 1357 πᾶσαι
1081 1277 1180 1355 αὗται
1210 1289 1243 1356 αἱ
1270 1279 1358 1356 δδοὶ
1383 1313 1478 1356 πεν-

171 1388 315 1454 θοῦσιν
338 1379 398 1471 ούχ
420 1377 628 1473 όδευδμεναι,
655 1382 875 1473 πανηγύρεως
899 1391 961 1474 μὲν
987 1381 1198 1474 δπαρχούσης
1227 1403 1301 1466 ταῖς
1322 1395 1505 1475 προειρη-’

171 1489 286 1571 μέναις
312 1476 418 1566 ὁδοῖς,
450 1475 514 1552 ὅτε
535 1478 714 1554 δδεύονται
740 1481 974 1573 ἐξεταζόμενοι
999 1491 1067 1569 καί,
1091 1480 1132 1554 ἵν’
1156 1476 1269 1566 οὕτως
1290 1487 1385 1568 είπω,
1408 1489 1478 1554 δια-

171 1580 380 1671 βαινόμεναι·
412 1589 612 1653 πενθοῦσι
648 1588 683 1653 δέ
714 1575 773 1654 ότε
803 1587 1019 1674 ἐρημοῦνται,
1056 1580 1118 1655 ούκ
1148 1583 1373 1672 ἐρευνῶμεναι
1401 1579 1479 1654 οὐδὲ

123 1694 155 1748 10
172 1677 437 1771 διεξσδευόμεναι
464 1681 517 1752 διὰ
545 1679 586 1752 τὸ
614 1677 901 1754 οἷποπεπτωκέναι
924 1683 1004 1765 τούς
1027 1678 1210 1764 ὁδεύοντας
1235 1689 1290 1753 καί
1313 1685 1479 1772 αἰχμαλω-

172 1787 354 1864 τισθέντας
374 1777 442 1852 ύπό
465 1787 540 1851 τῶν
560 1786 690 1852 παθῶν
710 1779 957 1871 περιεσπάσθαι
978 1790 1055 1871 περὶ
1078 1781 1121 1854 τὰ
1141 1788 1286 1871 χείρονα

565 2019 622 2086 Nr.
643 2018 712 2085 XV.
755 2019 879 2106 Klagel.
893 2019 1007 2086 Jerem.
1025 2029 1050 2102 1,
1066 2028 1093 2087 4.
1167 2097 1169 2100 ,

254 2177 292 2252 ‘H
311 2182 409 2253 Σιῶν
431 2181 537 2271 γλυκύ
558 2187 718 2271 μηδαμῶς
741 2179 861 2270 ἔχουσαί
884 2211 926 2266 τι,
949 2187 986 2254 έν
1007 2189 1124 2274 πικρίᾳ
1146 2179 1252 2271 διάγει
1281 2179 1368 2253 καθ’
1394 2183 1479 2255 ἑαυ-
1500 2195 1552 2250 325

172 2279 256 2403 τήν..
299 2279 340 2354 σύ
378 2287 530 2370 ληπτέον
559 2281 622 2370 γὰρ
654 2280 695 2352 τό
732 2287 1026 2371 πικραινομένη
1064 2289 1127 2352 νῦν
1161 2287 1216 2354 ἐπί
1246 2311 1341 2364 τινος
1372 2287 1479 2364 εἴδους

121 2403 153 2456 15
171 2410 281 2473 οργης.

554 2536 610 2602 Nr.
632 2536 716 2602 XVI.
758 2535 881 2620 Klagel.
895 2535 1010 2600 Jerem.
1029 2543 1053 2615 1,
1070 2545 1097 2603 5.

254 2693 296 2765 ‘H
316 2703 377 2786 τῆς
404 2704 527 2784 λέξεως
553 2695 719 2787 σαφήνεια
744 2695 887 2786 τοιαύτη
910 2704 960 2779 τίς
982 2701 1083 2768 ἐστιν.
1128 2701 1295 2781 έθλιβσυ
1316 2698 1381 2788 τὴν
1401 2695 1478 2770 'Iov-

173 2805 271 2868 δαίαν
297 2796 413 2886 χῶραν
441 2793 462 2885 ἢ
491 2803 620 2884 θλίβειν
648 2825 686 2886 γε
710 2793 841 2884 ἤθελόν
866 2824 957 2878 τινες
981 2795 1050 2888 πρὸ
1072 2805 1146 2868 τῶν
1169 2804 1230 2887 τῆς
1252 2802 1480 2886 αἰχμαλωσίας

171 2893 317 2986 χρόνων,
337 2891 412 2967 ἀλλ’
435 2892 497 2966 ούκ
519 2893 684 2985 ἐκρότουν
704 2891 997 2984 ύπερασπίζοντος
1019 2904 1082 2967 τοῦ
1103 2903 1187 2968 θεοῦ
1207 2903 1280 2968 τῶν
1298 2893 1478 2982 Ἰουδαίων,

121 3013 155 3066 20
173 2991 232 3068 ότε
257 3014 420 3087 παρεῖχον
448 2995 587 3076 ἑαυτούς
614 2999 736 3066 ἐκείνοι
760 3001 919 3084 βοηθείας
945 2989 1066 3082 ἀξίους.
1110 2989 1169 3066 ότε
1191 3003 1227 3068 δὲ
1248 2993 1402 3087 ἥμαρτον
1423 3004 1478 3068 καί

172 3095 259 3186 πρὸς
281 3101 333 3186 τῷ
355 3095 399 3185 μὴ
423 3091 558 3166 ἀκούειν
581 3100 655 3163 τῶν
677 3101 871 3184 προφητῶν
893 3097 943 3164 ἔτι
963 3102 1019 3165 καὶ
1042 3089 1191 3184 όνῄρουν
1213 3094 1337 3179 αύτούς
1357 3101 1391 3168 σί
1411 3100 1478 3168 υίοί

171 3193 312 3286 Ἰσραήλ,
350 3191 431 3266 τότε
460 3190 702 3282 παρεδόθησαν
732 3212 805 3274 τοις
836 3200 1016 3278 θλίβουσιν
1046 3189 1246 3283 ύποχείριοι,
1278 3193 1367 3267 ῶστε
1398 3195 1480 3278 τούς

172 3295 314 3384 ἐχθρούς
345 3290 462 3365 αὐτῶν
490 3299 676 3383 γενέσθαι
705 3289 899 3382 κεφαλήν,
930 3299 1119 3378 τουτέστιν,
1148 3291 1195 3376 ῶς
1217 3292 1398 3385 Σύμμαχος
1414 3291 1479 3386 ’ἡρ-

171 3393 343 3486 μήνευσεν,
361 3393 568 3484 ἄρχοντας.
598 3393 707 3479 ἕτεροι
722 3397 757 3462 δὲ
772 3388 858 3480 τύχα
872 3391 965 3479 παρὰ
984 3392 1065 3474 τούς
1079 3401 1266 3478 θλίβοντας
1281 3398 1317 3466 οί
1339 3397 1479 3483 ἐχθροὶ

120 3507 154 3560 25
173 3489 270 3576 ὄντες
298 3490 376 3582 ἢτοι
403 3499 445 3581 τῇ
468 3496 601 3584 ἐπινοίᾳ
622 3487 644 3580 ἢ
666 3498 722 3561 καί
741 3498 784 3580 τῇ
805 3488 1002 3576 ὑποστάσει,
1025 3495 1062 3562 ἐν
1091 3488 1262 3584 εύθηνίᾳ
1284 3492 1479 3582 ἐτύγχανον,

172 3589 374 3682 δπσχειρίων
403 3612 475 3674 τοῖς
501 3599 658 3675 θλίβουσι
679 3595 875 3679 γενομένων
897 3598 971 3663 τῶν
994 3589 1047 3662 διὰ
1071 3590 1113 3662 τὰ
1136 3587 1361 3682 ἁμαρτήματα
1383 3597 1479 3681 ἐγκα-

173 3699 453 3782 ταλελειμμένων,
470 3698 533 3764 τοῦ
552 3699 693 3779 κυρίου
714 3688 1047 3772 ταπεινώσαντος
1069 3690 1132 3762 διὰ
1154 3688 1199 3760 τό
1222 3697 1380 3781 πλῆθος
1395 3697 1479 3762 τῶν

173 3787 290 3881 όσεβη
298 3789 436 3882 μάτων
472 3791 553 3872 τοὺς
583 3783 906 3880 παρανενομηκότας
940 3795 996 3859 καὶ
1030 3793 1085 3860 ἐπὶ
1116 3788 1285 3863 τοσοῦτόν
1311 3819 1347 3880 γε
1371 3798 1477 3862 τοῦτο

257 3977 275 4032 2
298 3977 362 4048 Vgl.
380 3977 476 4031 Onom.
495 3993 573 4031 sacra
594 3978 619 4041 1,
638 3979 700 4042 174,
718 3977 763 4031 90:
791 3971 869 4030 Σιὼν
893 3977 1097 4047 σκοπεντὴριον
1113 3979 1180 4042 κτλ,
1202 3993 1228 4032 u.
1245 3982 1270 4032 δ.
1287 4007 1321 4017 -
1339 3963 1395 4036 θίίζ
1413 3977 1477 4048 Vgl.

171 4063 278 4133 Olymp.
296 4065 331 4132 (a
344 4079 369 4118 a.
382 4061 435 4128 0.):
463 4059 536 4134 πρδς
552 4059 582 4116 δὲ
600 4058 728 4117 διάνοιαν
743 4059 780 4117 τὰ
798 4057 962 4130 διδάγματα,
980 4057 1014 4114 δι’
1032 4051 1074 4114 ὧν
1091 4057 1248 4133 εἰσέρχεται
1265 4054 1421 4134 όίνθρωπος
1438 4061 1479 4126 είς

170 4150 221 4216 τὴν
247 4143 358 4220 ἀρετήν,
385 4141 415 4202 έν
441 4147 581 4220 κατηφείᾳ
605 4142 675 4201 εἰσίν
698 4141 866 4215 ἐκκοπείσης
889 4150 939 4212 τῆς
959 4144 1141 4216 προθεσμίας
1161 4139 1207 4212 (ίσ.
1226 4141 1398 4218 προθυμίας)
1419 4152 1478 4201 τῶν

169 4231 387 4302 μανθανόντων.
405 4259 439 4270 -
455 4229 473 4284 ίί
490 4229 554 4300 Vgl.
573 4247 606 4282 zu
624 4229 650 4285 S.
669 4230 728 4296 239,
746 4231 787 4286 12.

256 4399 274 4454 2
297 4396 385 4471 Πρὸς]
412 4397 511 4452 vorher
536 4403 587 4452 τοῦ
615 4393 703 4454 αὐτοῦ
728 4414 765 4452 το
791 4397 796 4466 Ι
822 4393 977 4465 δυνάμεως]
996 4402 1029 4460 -Ι-
1046 4403 1097 4452 τοῦ
1121 4403 1192 4452 ναοῦ
1210 4415 1226 4452 ο
1242 4397 1246 4466 Ι
1265 4399 1279 4452 ί
1299 4397 1361 4467 μὲν]
1384 4406 1417 4458 <
1438 4415 1475 4465 α,

170 4485 189 4538 9
217 4479 417 4556 έρευνοδμεναι
444 4499 460 4538 ο
481 4484 485 4551 Ι
506 4482 544 4538 11
568 4479 787 4554 περιεσπάσθαι]
814 4483 996 4554 κερισπασθῆ
1018 4497 1054 4536 σο
1074 4483 1078 4550 Ι
1098 4481 1136 4536 13
1157 4482 1293 4550 μηδαμῶς
1313 4481 1402 4553 γλυγύ
1426 4485 1478 4552 μὴ·

94 4587 100 4598 ·
170 4571 267 4637 δαμῶς
290 4568 389 4636 0120
411 4568 467 4637 καί]
486 4575 556 4626 <0
586 4573 590 4635 Ι
614 4568 652 4624 21
674 4573 714 4640 τῷ
733 4567 812 4620 10⁰rr·
832 4563 866 4622 τδ
889 4564 956 4620 α1*ο
985 4567 988 4632 Ι
1017 4565 1057 4621 23
1080 4559 1164 4634 ὼς]δ
1186 4583 1201 4620 υ
1224 4567 1228 4634 Ι
1252 4567 1291 4624 25
1311 4565 1381 4638 ἢτοι]
1399 4565 1478 4636 ἢαΙ

170 4652 207 4708 28
223 4652 281 4722 καί]
300 4661 333 4712 <
351 4669 374 4706 α.

231 4737 349 4793 origenes
363 4737 405 4784 111.
1237 4737 1270 4792 16
