3694 5542
308 490 365 553 162
746 482 885 555 Origenes’
902 485 1161 544 Jeremiahomilien.

305 653 529 737 παλινδρομει
548 643 600 718 ἐπ’
616 651 727 719 ἐκεῖνα
742 645 763 719 ὰ
778 655 1029 721 καταλέλοιπεν
1043 645 1275 739 ὰμαρτὴματα.
1311 658 1365 722 καί
1380 658 1456 723 τῶν
1471 647 1611 725 α’κουόν-

305 774 380 818 των
410 739 473 819 οὖν
507 753 629 831 ταῦτα,
664 752 732 818 είτε
769 755 1034 840 κατηχαυμένων
1069 747 1337 822 καταλιπόντων
1371 748 1436 822 τόν
1471 750 1612 824 ἐθνικόν

219 855 288 913 304r
304 854 380 930 βίον
397 853 402 934 Ι
422 851 488 918 ε’ίτε
509 854 644 918 πιστῶν
662 843 726 939 ἤδη
741 845 1016 939 προκεκοφότων
1030 854 1069 921 ἐν
1083 855 1135 940 τῷ
1155 867 1241 932 »τοῖς
1256 853 1449 939 ἔμπροσθεν
1462 855 1609 924 ἐπεκτεί·

307 954 444 1032 νεσθαα,
467 952 497 1018 εί
511 941 530 1018 δ
545 953 617 1032 βίος
638 953 848 1039 <γε>γένηται
862 945 1044 1040 μοχθηρός,
1068 946 1167 1022 οόδέν
1182 948 1268 1022 ἄλλο
1284 955 1439 1038 λέγουσιν
1452 945 1475 1040 ἢ
1496 959 1552 1023 καὶ
1567 950 1609 1023 τό

269 1059 285 1112 5
306 1040 434 1118 νδπίσω
457 1053 531 1118 τῶν
553 1043 790 1136 ὰποστροφῶν
810 1045 909 1138 ἡμῶν
929 1046 1174 1138 πορευσόμεθα,
1196 1056 1252 1121 καί
1268 1051 1407 1133 ἐκαστος
1427 1049 1470 1122 τά
1485 1048 1608 1140 ἀρεστὰ

302 1152 364 1235 τῆς
393 1151 531 1237 καρδίας
561 1144 684 1218 αὕτοῦι
718 1144 778 1236 οὐχ
808 1143 942 1233 άπλῶς,
979 1145 1067 1222 ὰλλὰ
1100 1155 1179 1238 »τῆς
1209 1155 1361 1240 πονηρᾶς
1391 1147 1608 1241 ποιήσομεντ.

302 1249 372 1317 ἔστι
397 1245 461 1335 γὰρ
487 1252 607 1332 καρδία
628 1245 763 1339 πονηρὰ
784 1256 839 1320 καί
862 1252 932 1320 ἐστι
953 1255 1072 1337 καρδία
1094 1244 1216 1339 άγαθή.
1258 1253 1372 1340 μηδείς
1393 1241 1456 1322 οὖν
1480 1245 1608 1322 »όπίσω

301 1353 376 1417 τῶν
397 1343 649 1437 οἷποστροφῶνι
675 1347 797 1420 ἑαυτοῦ
818 1354 1018 1438 πορευέσθω
1041 1353 1123 1438 μηδέ
1152 1349 1214 1420 »τὰ
1240 1345 1364 1439 δρεστὰ
1388 1354 1448 1439 τῆς
1469 1356 1608 1439 καρδίας

300 1443 406 1518 αὐτοῦ
428 1453 489 1538 τῆς
510 1453 678 1536 πονηρᾶςι
702 1455 854 1519 ποιείτω.

249 1562 282 1618 10
385 1545 464 1616 »Διὰ
494 1552 617 1618 τοῦτο(
650 1544 737 1634 πρὸς
773 1545 853 1628 τούς
884 1552 992 1618 ταῦτα
1022 1541 1312 1644 ἀποκρινομένους
1341 1553 1447 1637 »λέγει
1476 1546 1606 1636 κύριος·

299 1642 495 1737 ἐρωτήσατε
516 1644 557 1736 δὴ
580 1649 618 1716 ἐν
635 1649 762 1718 ἔθνεσι·
784 1652 836 1728 τίς
850 1640 972 1734 ἤκουσε
989 1652 1131 1718 τοιαῦτα
1146 1646 1272 1736 φρικτὰ
1287 1644 1308 1718 ὰ
1323 1651 1459 1736 ἐποίησε
1474 1645 1606 1738 σφόδρα

298 1751 470 1834 παρθένος
490 1741 654 1836 Ἰσραὴλ,·«
697 1741 786 1832 δόξει
813 1749 848 1814 δέ
874 1752 929 1814 καὶ
956 1751 1064 1816 ταῦτα
1080 1750 1091 1834 Ιί
1107 1741 1227 1828 ἅπλῶς
1248 1751 1409 1837 εἰρῆσθαι.
1447 1743 1522 1820 ἀλλ’
1544 1745 1605 1818 ἐὰν
1626 1765 1675 1822 251

297 1841 318 1934 ἦ
350 1840 418 1916 άπὸ
449 1851 525 1916 τῶν
556 1851 674 1917 ἐθνῶν
712 1847 870 1934 ἐκκλησία
897 1837 940 1915 δν
973 1849 1038 1916 δεῖ·
1057 1843 1190 1935 τρόπον
1216 1849 1407 1934 ἐπιστραφῇ
1432 1844 1519 1934 πρὸς
1541 1844 1605 1917 τὸν
1668 1890 1671 1895 -

297 1943 391 2029 θεόν,
423 1942 637 2033 λεχθήσεται·
658 1945 865 2037 ἐρωτήσατε
900 1946 942 2036 δὴ
972 1950 1010 2016 ἐν
1039 1947 1187 2016 ἔθνεσιν·
1219 1941 1385 2017 άκοόσατε
1416 1942 1438 2016 ὰ
1469 1949 1604 2036 ἐποίησε

247 2061 279 2114 15
297 2043 424 2135 φρικτὰ
454 2041 586 2136 σφόδρα
615 2051 789 2136 παρθένος
818 2042 967 2136 Ἰσραήλ.<
1001 2051 1077 2129 βίον
1106 2042 1168 2134 γὰρ
1199 2051 1431 2134 συγκρίνωμεν
1461 2049 1604 2119 ἐκείνων

297 2150 371 2214 τῶν
396 2141 649 2234 ἡμαρτηκότων
676 2151 726 2235 τῷ
754 2151 815 2235 βίῳ
844 2153 919 2217 τῶν
944 2141 1229 2234 ἐπιστρεψάντων
1255 2152 1309 2214 καί
1331 2141 1602 2230 πιστευσάντων,

296 2251 352 2314 καὶ
385 2242 543 2333 εἰσόμεθα
573 2238 628 2316 ότι
658 2249 781 2317 ἐκείνοι
810 2251 873 2334 μὲν
901 2244 1025 2333 φρικτὰ
1055 2239 1259 2333 πεποιήκασι
1293 2241 1373 2314 »τόν
1399 2242 1520 2334 κόριον
1541 2251 1602 2336 τῆς

297 2341 414 2430 δόξης(
448 2339 723 2428 ἀποκτείναντες,
755 2336 853 2416 οὗτοι
874 2349 925 2428 δέ,
956 2348 1096 2415 ἐκείνων
1117 2342 1244 2434 φρικτὰ
1265 2338 1497 2434 ποιησάντων,
1529 2349 1602 2416 ἐπέ-

295 2465 447 2531 στρεψαν
467 2441 553 2533 πρὸς
575 2439 690 2530 αὐτόν,
711 2439 796 2533 δπέρ
812 2451 886 2515 τῶν
900 2439 1156 2534 άμαρτημάτων
1170 2448 1233 2515 τοῦ
1246 2438 1373 2531 κόσμου
1387 2437 1444 2512 ὑπ’
1459 2447 1600 2516 ἐκείνων

244 2557 278 2612 20
296 2537 521 2630 ὰναιρεθέντα
554 2550 609 2614 καὶ
640 2539 876 2616 ὰποθανόντα.
930 2539 1160 2632 νέρωτὴσατετ
1196 2533 1259 2622 οὖν
1297 2545 1351 2613 »ἐν
1386 2543 1513 2613 ἐθνεσι·
1549 2551 1601 2626 τίς

294 2637 417 2729 ἢκουσε
438 2649 580 2714 τοιαῦτα
603 2638 729 2733 φρικτὰ
751 2639 772 2713 ὰ
793 2647 928 2732 ἐποίησε
949 2641 1083 2733 σφόδρα
1102 2647 1277 2732 παρθένος
1297 2637 1462 2731 Ἰσραήλ«;

376 2753 404 2813 9.
435 2741 510 2832 »Μὴ
541 2745 758 2827 ἐκλείψουσιν
788 2739 856 2814 ὰπὸ
886 2749 1012 2831 πέτρας
1042 2750 1176 2831 μαστοί,
1207 2736 1229 2830 ἢ
1254 2742 1341 2830 χιοόν
1366 2735 1434 2811 ὰπὸ
1457 2747 1520 2813 τοῦ
1541 2751 1599 2812 Αι·

292 2835 413 2924 βάνου;
449 2837 471 2929 ἢ
501 2846 648 2914 ἐκκλινεῑ
674 2833 767 2930 ὕδωρ
797 2849 915 2925 βιαίως
945 2837 1059 2932 ὰνέμφ
1087 2839 1291 2931 φερόμενον;
1326 2833 1381 2912 ότι
1407 2837 1597 2913 ἐπελάθετό

208 2957 275 3012 θοόν
291 2967 356 3027 μου
378 2935 396 3011 δ
419 2936 500 3023 λαός
521 2970 594 3030 μου,
617 2945 663 3024 εἰς
683 2940 786 3013 κενόν
807 2947 1002 3032 ἐθυμίασαν,
1024 2948 1079 3011 καὶ
1094 2937 1349 3030 ὰίσθενήσουσιν
1364 2943 1402 3010 ἐν
1417 2958 1491 3022 ταῖς
1506 2935 1598 3024 δδοίς

241 3054 274 3108 25
291 3036 409 3110 αὐτῶν
433 3047 587 3129 σχοίνους
611 3045 773 3124 αἰωνίους
798 3047 862 3112 τοῦ
887 3044 1042 3132 ἐπιβῆναι
1064 3049 1199 3132 τρίβους
1220 3037 1282 3112 οὐκ
1297 3043 1437 3128 ἔχοντας
1452 3034 1536 3112 δδόν
1552 3045 1611 3124 είς

290 3146 442 3226 πορείαν,
470 3145 533 3212 τοῦ
558 3137 656 3227 τάξαι
683 3139 749 3230 τὴν
770 3145 835 3230 γῆν
856 3136 973 3211 αὐτῶν
995 3144 1041 3222 είς
1063 3136 1254 3227 ἀφανισμόν
1273 3145 1329 3209 καὶ
1351 3137 1494 3230 σύριγμα
1516 3139 1597 3211 αίοό·

291 3264 396 3310 νιονι.
440 3239 605 3330 διαφορὰς
634 3235 774 3310 δδάτων
805 3243 957 3312 ἐνταῦθα
984 3244 1105 3330 εἴρηκε·
1138 3244 1369 3327 πρῶτονμὲν
1396 3243 1507 3329 ἐντῷ
1534 3238 1595 3329 »μὴ

290 3341 503 3423 ἐκλείψουσιν
524 3334 592 3410 άπὸ
614 3345 741 3429 πέτρας
762 3346 917 3428 μαστοί,·«
948 3336 1109 3427 δεύτερον
1132 3345 1169 3411 δέ
1188 3343 1242 3426 (ἐν
1264 3343 1332 3427 τῷ>
1357 3333 1397 3427 »ἢ
1416 3340 1505 3426 χιών
1528 3335 1595 3410 ὰπὸ

291 3432 471 3522 Αιβάνου;«
503 3446 625 3526 τρίτον
651 3444 686 3509 δέ
712 3443 822 3527 ἐντῷ
853 3438 915 3528 »μὴ
942 3443 1089 3511 ἐκκλινεί
1108 3429 1201 3527 ὕδωρ
1222 3445 1339 3524 βιαίως
1361 3432 1475 3528 άνέμφ
1499 3435 1596 3525 φερό·

239 3564 273 3618 30
290 3562 424 3624 μενον,·«
456 3543 565 3608 ταῦτα
586 3537 629 3610 τὰ
652 3547 729 3626 τρία
751 3543 822 3628 είδη
844 3545 919 3610 τῶν
939 3533 1079 3608 δδάτων
1100 3541 1134 3607 αί
1155 3545 1259 3627 πηγαί
1281 3541 1342 3609 είσι
1357 3543 1432 3607 τῶν
1445 3533 1595 3622 δδάτων,

290 3632 329 3716 ὰς
359 3633 564 3726 ἐπιποθειῆ
595 3635 798 3728 αόμοιωμένη
830 3645 874 3726 τῇ
904 3634 1022 3726 ἐλάφῳ
1046 3636 1134 3726 υκιχὴ
1165 3646 1239 3708 τῶν
1269 3641 1419 3722 δικαίων,
1447 3630 1530 3708 ὥστ’
1553 3633 1595 3707 ἂν

290 3735 434 3807 έκαστον
460 3741 582 3807 εἰπεῖν·
614 3731 673 3810 εὰν
700 3733 838 3828 τρόπονΔ
860 3743 1021 3810 ἐπιποθεῖ
1047 3732 1067 3826 ἦ
1089 3739 1217 3824 ἔλαφος
1238 3741 1293 3808 ἐπὶ
1314 3735 1376 3818 τὰς
1397 3734 1505 3825 πηγὰς
1521 3741 1595 3806 τῶν

372 3955 390 4012 θ
409 3956 472 4026 Vgl.
490 3957 562 4012 Phil.
579 3960 657 4024 3,13.
675 3986 708 3998 —
729 3959 806 4015 1211.
825 3959 887 4028 Vgl.
906 3955 937 4026 ἐξ
954 3955 1151 4030 ἄνεπιγρὰφου
1169 3957 1223 4026 (Gh
1240 3958 1273 4024 II,
1290 3959 1364 4026 477J:
1382 3957 1432 4024 τὴν
1450 3951 1482 4022 ἐξ
1499 3951 1594 4011 ἐθνῶν

288 4035 437 4110 ἐκκλησίαν
454 4040 527 4114 πρός
543 4040 593 4098 τόν
611 4041 682 4097 θεόν
701 4039 936 4116 ἐπιστρέφουσαν,
954 4039 1101 4116 παρθένον
1118 4045 1203 4098 καλεῖ
1215 4049 1267 4098 τοῦ
1283 4035 1400 4113 Ἰσραήλ.
1418 4069 1451 4079 -
1471 4041 1508 4097 17
1529 4037 1593 4109 Vgl.

287 4125 299 4178 I
317 4127 381 4180 Kor.
400 4129 423 4190 2,
441 4127 466 4182 8.
484 4155 517 4165 -·
537 4126 575 4182 19
593 4126 656 4197 Vgl.
673 4125 736 4181 Joh.
754 4130 778 4189 1,
796 4127 850 4184 29?
869 4157 902 4166 —-
921 4127 957 4183 82
974 4127 1046 4182 Psal.
1065 4129 1106 4193 41,
1124 4129 1148 4182 2.

184 4365 186 4368 .
369 4315 389 4371 θ
405 4317 620 4373 καταλιπόντων
642 4318 686 4373 Gh
697 4318 735 4372 00
752 4319 957 4384 καταλιπόντες
974 4319 991 4374 S
1007 4321 1011 4386 Ι
1027 4319 1046 4373 4
1064 4315 1213 4388 γεγένηται
1228 4317 1307 4372 Βίαεε
1316 4317 1473 4371 Κοείεοίιευ
1487 4318 1492 4385 Ι
1508 4315 1526 4370 8
1545 4313 1589 4370 αθ

285 4405 337 4456 τοῦ
348 4401 380 4455 S*
394 4395 497 4457 ἑαυτοῦ
514 4402 544 4456 S¹
559 4403 564 4470 Ι
581 4401 619 4458 111
637 4398 795 4474 ἐπιστραφῇ
812 4403 891 4456 Βίεεε
909 4402 1063 4460 Κοσίεείιπιι
1078 4399 1261 4472 ἐπιστραφείη
1280 4401 1297 4456 S
1317 4404 1320 4470 Ι
1337 4402 1373 4458 15
1395 4400 1589 4472 συγκρίνωμεν

286 4484 330 4538 Gh
352 4485 538 4556 σνγκρίνομεν
561 4487 578 4541 S
605 4489 609 4553 Ι
637 4488 673 4543 17
697 4484 846 4557 εἰσόμεθα]
871 4485 994 4556 ἐσόμεθα
1017 4486 1034 4541 S
1056 4487 1122 4556 (vgl.
1139 4486 1247 4552 S.22‚6
1269 4487 1311 4553 89,
1323 4485 1366 4555 26)
1390 4487 1395 4553 1
1420 4484 1458 4539 22
1485 4483 1590 4550 μαστοί

285 4569 329 4624 Gh
347 4569 403 4640 vgl.
422 4569 447 4624 Z.
466 4571 499 4626 28
517 4571 542 4626 S.
562 4571 618 4636 163,
636 4573 659 4626 5.
678 4571 719 4628 20.
738 4571 771 4626 29
796 4571 907 4639 μασθοί
923 4572 940 4626 S
964 4573 968 4640 1
987 4571 1093 4626 27-8.
1111 4569 1197 4637 164‚8
1215 4571 1315 4626 Hierzu
1331 4569 1440 4640 Exagm.
1458 4566 1538 4624 80111
1555 4565 1587 4620 0:

287 4651 497 4726 Τρεῖς-αὐτοῦ
517 4657 519 4721 ί
538 4654 573 4710 27
593 4653 741 4728 διαφορὰς]
760 4663 835 4728 τρεῖς
852 4654 991 4726 διαφορὰς
1007 4655 1028 4709 G
1044 4653 1100 4723 181
1121 4654 1164 4724 τῇ]
1184 4655 1227 4710 oh
1244 4659 1284 4729 τῷ
1302 4655 1365 4715 S<
1377 4655 1406 4711 G.
