3694 5542
485 1435 552 1518 Die
580 1434 805 1538 Fragmenta
833 1454 903 1516 aus
926 1431 994 1516 der
1016 1431 1243 1516 Philokalie.

588 1659 614 1713 A
630 1680 663 1700 =
681 1654 741 1710 cod.
760 1655 849 1708 Patm.
867 1653 919 1710 270
936 1671 1006 1710 saec.
1024 1653 1057 1714 X.

589 1740 610 1793 B
631 1765 665 1784 ε
682 1739 742 1793 cod.
761 1738 828 1792 Ven.
845 1740 878 1792 47
897 1755 967 1794 saec.
985 1738 1032 1796 XI.

590 1824 610 1878 C
630 1846 664 1866 ι-
681 1821 740 1877 cod.
759 1821 843 1876 Paris.
862 1821 954 1894 Suppl.
973 1825 1023 1880 615
1041 1839 1111 1878 saec.
1132 1822 1204 1877 XIII.

587 1907 612 1961 D
629 1931 663 1950 ==
680 1905 740 1961 σοᾶ.
758 1903 827 1960 Ven.
845 1907 895 1962 122
912 1923 982 1960 saec.
1000 1907 1073 1964 XIV.

569 2089 625 2155 ιιι.
647 2089 670 2156 ι
715 2063 788 2175 v'gL
802 2087 895 2156 Hom.
910 2096 959 2170 ιι,
974 2096 992 2156 2
1008 2093 1073 2154 und
1093 2096 1141 2172 ευ,
1158 2099 1183 2158 1.

101 2279 192 2335 11033
296 2236 440 2344 (Ὥσπερ
463 2259 498 2324 δὲ
519 2249 633 2324 πάντα
655 2252 699 2324 τὰ
721 2257 784 2324 τοῦ
804 2258 891 2324 θεοῦ
912 2250 1096 2342 δωρήματα
1118 2253 1164 2336 είς
1178 2246 1370 2342 ὑπερβολὴν
1383 2249 1518 2339 μείζονά

110 2347 187 2470 ⁰2³3(ss
213 2357 284 2424 ἐστι
310 2359 371 2444 τῆς
397 2359 530 2443 θνητῆς
555 2348 789 2438 ἀποστάσεως,
817 2345 910 2424 οότοο
936 2359 992 2424 καί
1019 2348 1037 2424 ό
1064 2348 1201 2440 ἀκριβὴς
1227 2349 1330 2440 λόγος
1356 2356 1417 2440 τῆς
1442 2356 1519 2438 περὶ

213 2449 358 2524 πάνταιν
380 2451 518 2524 τούτων
540 2460 671 2539 σοφίας,
693 2449 785 2540 παρὰ
809 2458 859 2540 τῷ
880 2458 953 2541 θεῷ
976 2458 1028 2541 τῷ
1050 2458 1106 2521 καὶ
1128 2447 1393 2541 οἰκονομήσαντι
1412 2455 1521 2521 ταῦτα

165 2571 198 2626 10
216 2558 384 2641 γραφῆναι
406 2547 593 2642 τυγχάνων,
616 2555 783 2634 θέλοντος
808 2555 872 2622 τοῦ
896 2547 1028 2638 πατρὸς
1054 2555 1117 2621 τοῦ
1139 2546 1242 2639 λόγου
1263 2555 1397 2640 γένοιτο
1420 2545 1463 2620 ἀν
1484 2551 1522 2620 ἐν

215 2658 258 2738 τῇ
280 2651 392 2738 ἄκραις
413 2651 498 2740 μετὰ
518 2648 630 2739 πάσης
653 2657 848 2739 φιλοτιμίας
868 2655 925 2721 καί
947 2646 1200 2740 συναισθήσεως
1223 2655 1284 2739 τῆς
1298 2645 1521 2737 ἀνθρωπίνης

215 2746 392 2834 ἀσθενείας
422 2757 484 2840 τῆς
513 2758 590 2840 περὶ
624 2747 689 2838 τὴν
719 2745 913 2839 κατάληφιν
939 2754 1000 2839 τῆς
1025 2757 1148 2836 σοφίας
1168 2753 1401 2837 κεκαθαρμένη
1424 2753 1522 2835 ψυχῇ.

215 2854 244 2918 εί
269 2854 307 2920 δέ
332 2878 384 2932 τις
409 2857 683 2940 προπετέστερον
710 2845 834 2920 ἑαυτὸν
859 2847 997 2938 έπιδῴη,
1023 2847 1068 2938 μὴ
1091 2849 1240 2920 συνιδιόν
1261 2846 1303 2920 τό
1325 2844 1523 2938 ἀπόρρητον

217 2953 278 3036 τῆς
299 2955 421 3035 σοφίας
443 2954 506 3020 τοῦ
527 2954 612 3020 θεοῦ
628 2955 686 3019 καὶ
707 2954 771 3019 τοῦ
796 2950 850 3019 »ἐν
872 2944 972 3036 ἀρχῇι
1001 2943 1104 3036 »πρός
1126 2945 1189 3019 τόν
1211 2945 1313 3020 θεὸν(
1333 2944 1446 3035 λόγου,
1468 2953 1524 3016 καὶ

169 3067 202 3120 15
220 3043 327 3118 αὐτοῦ
348 3055 433 3120 θεοῦ
455 3041 570 3133 ὄντος,
597 3055 653 3118 καὶ
675 3039 731 3118 ότι
751 3045 839 3116 κατὰ
861 3045 924 3118 τὸν
947 3042 1052 3137 λόγον
1073 3053 1129 3117 καί
1149 3043 1246 3132 θεόν,
1272 3053 1328 3118 καὶ
1349 3043 1437 3118 κατὰ
1458 3043 1524 3134 τὴν

218 3142 297 3237 παρ’
321 3143 414 3238 αὐτῷ
446 3155 585 3235 σοφίαν,
617 3153 726 3217 ταῦτα
756 3152 812 3216 καὶ
843 3151 1009 3236 ζητητέον
1038 3153 1093 3217 καὶ
1115 3141 1287 3236 εάρετέον,
1308 3143 1439 3234 ἀνάγκη
1461 3143 1525 3215 τὸν

219 3253 382 3321 τοιοῦτον
408 3253 455 3330 είς
480 3252 689 3337 μυθολογίας
710 3252 765 3316 καὶ
788 3253 955 3336 φλυαρίας
976 3249 1188 3318 ἐκπίπτοντα
1208 3253 1264 3318 καί
1286 3243 1526 3334 ἀναπλασμούς

221 3353 272 3437 τῷ
295 3355 373 3436 περὶ
394 3343 543 3431 ἀσεβείας
565 3343 689 3416 ἑαυτὸν
710 3341 918 3430 ἀποβάλλειν
939 3343 1095 3434 κινδύνῳ.
1137 3342 1255 3437 διόπερ
1276 3350 1527 3436 μνημονευτέον

220 3453 277 3516 καὶ
305 3452 365 3536 τῆς
391 3444 484 3537 παρὰ
510 3452 561 3534 τῷ
584 3451 795 3534 Σολομῶντι
820 3449 857 3515 έν
884 3449 935 3532 τῷ
958 3438 1196 3534 ’ίλικλησιαστῇ
1223 3454 1298 3533 περὶ
1321 3453 1394 3517 τῶν
1415 3440 1528 3517 τοιοῦ-

174 3563 207 3618 20
226 3573 299 3616 τοον
335 3550 494 3634 ἐντολῆς,
531 3550 683 3633 λέγοντι·
722 3543 785 3634 »μὴ
821 3540 966 3630 σπεόσης
1001 3548 1066 3614 τοῦ
1105 3546 1285 3633 ἐξενεγκεῖν
1321 3540 1426 3634 λόγον
1460 3539 1529 3634 πρὸ

225 3645 415 3734 προσοόπου
444 3651 507 3716 τοῦ
536 3649 633 3716 θεοῦ·
672 3638 727 3715 ότι
758 3639 777 3715 ό
808 3640 890 3726 θεός
922 3646 959 3713 έν
986 3646 1037 3730 τῷ
1061 3637 1196 3732 οὐρανῷ
1220 3642 1309 3726 ἀναν,
1336 3651 1392 3714 καί
1414 3645 1453 3716 σύ
1475 3647 1531 3715 έπὶ

224 3748 286 3830 τῆς
307 3749 366 3832 γῆς
388 3740 498 3815 κάτω·
527 3741 581 3815 διὰ
604 3749 708 3814 τοῦτο
731 3745 885 3814 ἔστωσαν
907 3745 940 3812 οἱ
961 3739 1057 3831 λόγοι
1079 3763 1141 3814 σου
1163 3737 1317 3848 durum}

111 3869 156 3922 Ro
174 3867 207 3920 34
301 3848 425 3929 Πρέπει
441 3848 476 3913 δὲ
491 3841 534 3914 τὰ
549 3835 626 3932 ἀγια
640 3839 817 3930 γράμματα
831 3839 1001 3912 πιστεύειν
1015 3847 1179 3931 μηδεμίαν
1187 3847 1325 3931 κεραίαν
1336 3845 1421 3929 ἔχειν
1429 3840 1532 3930 κενὴν
1552 3861 1701 3924 Hom.21,2

227 3947 346 4026 σοφίας
369 3947 466 4012 θεοῦ·
485 3937 504 4013 ό
527 3939 589 4030 γὰρ
611 3938 845 4030 ἐντειλάμενος
866 3944 940 4029 ἐμοὶ
961 3947 1012 4030 τῷ
1036 3937 1216 4032 ἀνθρώπῳ
1235 3948 1290 4010 καὶ
1305 3945 1428 4028 λέγων·
1452 3937 1534 4012 »οῦκ

176 4061 209 4115 25
228 4033 365 4129 όφθήση
390 4037 540 4112 έναίπιόν
565 4068 631 4129 μου
655 4036 784 4124 κενόςι,
807 4047 926 4130 πολλῷ
954 4045 1061 4112 πλέον
1088 4036 1192 4122 αάτός
1218 4037 1317 4112 οῦδὲν
1339 4038 1442 4112 κενὸν
1462 4044 1534 4128 έρελ

314 4223 353 4281 14
371 4226 435 4296 Vgl.
454 4226 516 4282 Joh.
529 4230 552 4294 1,
570 4229 593 4280 1.
611 4257 644 4266 —
664 4225 704 4282 20
721 4226 802 4281 Pred.
819 4226 873 4280 Sal.
891 4229 915 4289 5.
935 4229 958 4281 1.
976 4257 1009 4266 —
1028 4226 1068 4282 24
1087 4225 1173 4282 Exod.
1193 4229 1234 4289 34,
1251 4227 1293 4282 20.

316 4392 399 4448 θΝε.
411 4394 432 4450 Ι.
451 4393 506 4462 vgl.
524 4392 686 4464 Einloitung
705 4394 709 4461 Ι
732 4392 824 4448 1-22
846 4391 969 4447 Woher‘?
991 4395 995 4462 Ι
1016 4393 1055 4449 1³
1077 4389 1188 4467 ἐπιδιδῷ
1206 4394 1230 4446 Α
1248 4389 1369 4467 ἐπιδῷΙ)
1385 4395 1388 4460 Ι
1405 4389 1538 4448 σννειδὼν

230 4477 254 4530 Δ
275 4479 278 4544 Ι
304 4477 343 4533 15
360 4477 429 4548 καὶί]
449 4488 481 4538 <
501 4479 523 4532 Β
544 4479 547 4544 Ι
571 4476 669 4548 λόγον]
688 4483 720 4542 -1-
739 4472 817 4532 ἀνΒ
841 4478 845 4544 Ι
874 4476 974 4532 28—8.
994 4478 1085 4544 196,7
1113 4477 1176 4548 vgl.
1194 4479 1274 4534 Hom.
1292 4479 1367 4544 21,2
1393 4478 1423 4532 in
1441 4477 1539 4532 Jerem.

230 4564 271 4630 29,
289 4564 357 4622 6-9
388 4565 591 4634 (Hieronymum
619 4562 839 4628 Hom.11‚2=
857 4561 891 4630 H)
916 4563 920 4629 Ι
945 4562 985 4617 28
1012 4561 1052 4631 δέ]
1075 4563 1155 4622 <Η
1184 4565 1187 4630 Ι
1215 4564 1365 4633 μηδεμίαν]
1392 4579 1425 4616 ιιο
1452 4579 1539 4616 unum

231 4649 341 4716 ρυαὶεια
361 4649 461 4717 {1125
479 4646 567 4702 πλέοι·
586 4647 632 4700 ΑΒ
647 4647 715 4714 plus
733 4646 759 4701 H
775 4650 886 4716 μᾶλλον
904 4646 937 4700 D.

1281 4733 1333 4786 13*
