3694 5542
757 439 896 510 Origenee'
913 440 1172 495 Jeremiehomffien.

706 639 759 707 Nr.
781 641 875 709 LXV.
917 641 1032 708 Ierem.
1048 650 1096 724 45,
1111 647 1159 710 22.
1176 647 1224 710 25.

394 791 480 876 (144)
509 794 594 876 Φησὶ
623 786 710 876 πρὸς
741 784 847 860 αὑτὸν
872 782 1024 878 Ἱερεμίας
1051 783 1099 870 ώς
1131 792 1293 877 ἐροῦσιν
1323 791 1357 859 αἱ
1387 806 1542 877 γυναῖκες
1573 793 1618 870 είς

312 883 472 958 ἀποικίαν
505 883 678 976 ἀγόμεναι·
713 883 926 977 ήπιίτησάν
951 912 991 958 σε
1022 893 1055 958 σί
1086 886 1173 977 πρός
1204 911 1240 958 σε
1271 883 1442 976 φήσαντες
1472 893 1618 977 εἰρηνι-

311 992 390 1068 κῶς
431 983 479 1069 ώς
515 983 557 1058 οὑ
590 987 829 1074 παραδώσουσι
864 995 916 1078 τῷ
950 993 1171 1078 Βαβυλωνίῳ.
1214 985 1437 1076 συστήσονται
1469 993 1505 1059 δὲ
1534 987 1618 1076 μετὰ

278 1100 294 1152 5
312 1091 382 1170 σοῦ,
406 1082 453 1168 ώς
481 1090 585 1159 α’ίτιοι
607 1085 783 1176 γενόμενοι
804 1089 983 1171 πτώσεως·
1012 1083 1154 1170 πάντως
1176 1087 1239 1176 γὰρ
1261 1083 1431 1178 ληφθήση.
1474 1083 1560 1175 τάχα
1583 1093 1618 1158 δὲ

311 1192 366 1254 καὶ
394 1185 476 1269 τοὺς
502 1185 790 1277 ψευδοπροφήτας
816 1193 964 1259 αἰτιᾶται
991 1186 1082 1277 λόγῳ
1110 1189 1175 1278 τήν
1202 1184 1338 1277 εἰρήνην
1359 1184 1618 1275 ὑποσχομένους.

313 1280 331 1354 δ
352 1289 388 1356 δὲ
409 1282 589 1374 προφήτης
612 1289 873 1376 φιλανθρώπως
894 1283 1096 1373 ἀπέκρυψε
1120 1306 1192 1369 τοῖς
1207 1285 1346 1374 ἄρχουσι
1361 1286 1427 1376 τήν
1443 1283 1617 1375 ἀλήθειαν,

312 1389 376 1454 τοῦ
401 1391 566 1468 βασιλέως
592 1381 787 1475 κηδόμενος.
831 1383 872 1458 οὑ
892 1385 955 1475 γὰρ
977 1388 1123 1470 ἔβλαπτε
1144 1384 1274 1476 ταύτην
1296 1392 1359 1457 νῦν
1380 1392 1532 1469 σιωπῶν,
1554 1380 1618 1474 ήδη

311 1478 436 1565 αὑτοὺς
457 1484 539 1566 τυὺς
561 1481 683 1573 λόγους
706 1482 871 1575 ἇναγυοὺς
892 1490 929 1556 ἐν
951 1493 1067 1576 κοινῷ.

262 1699 295 1752 10
719 1689 775 1756 Nr.
797 1689 906 1756 LXVI.
947 1691 1064 1756 Jerem
1079 1696 1128 1768 47,
1143 1697 1171 1756 4.
1187 1698 1213 1756 5.

395 1836 480 1921 (145)
508 1828 542 1902 ‘0
571 1831 754 1924 προφήτης
783 1839 908 1922 αἳρεσιν
933 1837 1049 1919 λαβών
1075 1837 1162 1906 ἔνθα
1186 1833 1345 1923 βούλεται
1373 1841 1443 1924 ζήυ,
1469 1832 1619 1928 ὑπερορᾷ

311 1937 373 2020 μὲν
394 1940 615 2016 Βαβυλῶνος,
643 1935 783 2022 αίρεῑται
812 1940 846 2006 δὲ
869 1934 933 2026 τήν
954 1931 1125 2020 Ἰουδαίαν,
1149 1933 1286 2022 φεύγων
1309 1933 1373 2024 τήν
1396 1939 1432 2006 ἐκ
1454 1941 1617 2019 βασιλέως

312 2031 412 2122 τιμήν
441 2039 497 2104 καὶ
528 2031 582 2102 διὰ
609 2033 689 2115 τοὺς
705 2037 716 2123 ΙΙ
732 2033 893 2122 πτωχοὺς
915 2035 995 2117 τοὺς
1020 2033 1106 2122 πρὸς
1129 2043 1294 2123 γεωργίαν
1315 2031 1597 2156 ἐμμείναντας,“
1569 2064 1616 2116 ως
1638 2043 1695 2100 310

313 2161 356 2202 αν
382 2140 438 2204 καὶ
464 2138 526 2222 τής
552 2137 613 2221 γῆς
638 2138 837 2242 ἐπιμελῆται
863 2132 916 2205 διὰ
943 2135 1024 2216 τοὺς
1050 2140 1199 2222 πένητας
1220 2141 1276 2204 καὶ
1299 2133 1361 2216 τὰς
1382 2132 1520 2205 τούτων
1543 2152 1616 2216 ταῖς

264 2245 295 2296 15
313 2239 538 2355 προφητείαις
558 2239 689 2323 γεωργῇ
711 2223 827 2321 ψὺχάς
869 2233 1124 2323 ἐμερίσαντο
1089 2264 1151 2323 γαρ
1173 2235 1205 2304 οἱ
1226 2239 1412 2323 προφῆται,
1435 2225 1537 2317 οὗτος
1558 2239 1618 2322 μὲν

269 2331 378 2423 τήν
399 2328 569 2416 Ἰουδαίαν,
591 2331 656 2422 τήν
679 2337 714 2403 δὲ
738 2339 928 2417 Βαβυλῶνα
952 2333 1078 2424 Δανιὴλ
1099 2340 1154 2404 καί
1177 2337 1209 2407 οί
1231 2353 1321 2422 τρεῖς
1342 2339 1467 2415 παῖδες.

731 2535 787 2602 Nr.
809 2537 936 2602 LXVII.
978 2537 1094 2604 Jerem.
1109 2543 1157 2616 48,
1173 2544 1200 2604 2.
1303 2575 1306 2582 ·

395 2686 480 2772 (146)
500 2677 533 2752 ‘0
551 2682 699 2773 χρηστὸς
720 2680 909 2772 ἄνθρωπος
932 2679 1052 2754 οὑδένα
1073 2678 1258 2754 ὑποπτεύει
1280 2677 1392 2764 οὑτως
1414 2683 1500 2753 εἶναι
1514 2711 1618 2772 πονη·

312 2780 374 2870 ρὸν
397 2777 445 2864 ώς
467 2789 522 2854 καὶ
544 2781 624 2864 τοὺς
646 2787 748 2870 μηδὲν
770 2778 995 2871 ἀδικήσαντας
1018 2779 1183 2870 φονεύειν.
1212 2779 1266 2854 διὰ
1287 2790 1320 2852 τί
1336 2787 1371 2852 δὲ
1387 2781 1618 2871 συνεχώρησεν

260 2875 330 2950 2οδ
361 2879 443 2964 θεὸς
471 2876 693 2970 ἆναιρεθήναι
726 2879 791 2952 τὸν
817 2887 995 2968 Γοδολίαν,
1025 2883 1144 2970 ἑτέρου
1173 2879 1215 2952 ἂν
1245 2887 1295 2970 είη
1325 2880 1429 2971 λόγου
1458 2888 1514 2951 καί
1546 2887 1619 2952 τών

310 2978 505 3068 ἄνεφίκτων
525 2978 703 3069 κριμᾶτων
726 2979 789 3052 τοῦ
811 2987 903 3053 θεοῦ.

674 3183 730 3250 Nr.
752 3183 892 3250 LXVIII.
934 3185 1048 3251 Jerem.
1065 3193 1112 3264 51,
1128 3191 1176 3252 21.
1193 3191 1241 3252 22.

392 3336 477 3418 (148)
509 3329 687 3417 Σύνταξον
718 3330 759 3402 τὸ
792 3325 878 3418 οὑχὶ
914 3337 987 3402 τοῦ
1022 3327 1276 3420 θυμιάματος
1310 3328 1395 3419 πρὸς
1431 3328 1472 3400 τὸ
1504 3327 1620 3420 ἐμνή-

310 3440 384 3517 σθη
415 3429 561 3519 κύριος.
603 3437 709 3520 δῆλον
738 3436 799 3519 μὲν
821 3421 883 3502 οὖν
910 3435 1011 3512 ἐστιν,
1044 3427 1091 3514 ώς
1119 3448 1191 3513 τοῖς
1222 3429 1376 3512 εἰδώλοις
1405 3429 1617 3518 θυμιώντων

195 3547 197 3551 ·
258 3543 291 3596 ‘25
310 3537 407 3618 φησί·
441 3537 546 3602 τοῦτο
578 3529 640 3620 γὰρ
672 3527 787 3602 αὑτῶν
822 3524 1111 3619 ὁμολογησάντων
1142 3526 1302 3618 ἐπάγεται
1333 3529 1375 3599 τὰ
1405 3533 1617 3617 προκείμενα.

394 3701 472 3758 len.
490 3699 553 3772 Vgl.
573 3701 709 3770 chrysost.
729 3699 782 3769 (Gh
801 3701 834 3766 11,
854 3700 903 3756 786
920 3707 972 3755 τοῦ
989 3695 1077 3756 αὑτοῦ
1094 3724 1127 3743 ==
1145 3699 1227 3769 Orig.,
1246 3699 1318 3754 doeh
1335 3699 1426 3753 haben
1444 3716 1460 3754 ο
1476 3699 1543 3754 325v
1560 3699 1617 3754 nnd

309 3801 324 3838 0
345 3785 411 3840 179r
428 3785 477 3840 dee
495 3785 645 3854 Fragment
663 3783 704 3838 nte
721 3791 773 3840 τοῦ
785 3779 869 3854 ἁγίου
881 3777 1023 3848 Ἰωάννους
1042 3784 1098 3854 vgl.
1111 3785 1182 3838 euch
1193 3784 1242 3838 dae
1253 3782 1385 3854 folgende
1396 3783 1616 3852 chrysostomus·

307 3869 446 3938 sregment
467 3869 513 3924 bei
531 3869 574 3923 Gh
592 3869 720 3937 ε.ο.0.);
751 3871 838 3936 (τίνος
864 3864 961 3924 ἕνεκεν
988 3865 1184 3940 συνεχώρησεν
1211 3865 1228 3922 δ
1255 3866 1324 3932 θεὸς
1347 3863 1544 3940 ἀναιρεθῆναι)
1566 3866 1617 3924 τὸν

307 3949 465 4025 ίίνθρωτιον
481 3952 605 4026 χρηστὸν
624 3947 693 4009 ὄντα
710 3956 759 4009 καί
777 3951 885 4022 ἐπιεικῆ
902 3957 960 4009 κτλ.

391 4104 409 4160 t
427 4102 547 4170 πώσεως
564 4123 580 4159 o
597 4107 601 4172 Ι
620 4105 633 4158 ί
654 4099 761 4174 ἔκρυψε
779 4122 795 4159 ο
815 4105 820 4172 Ι
841 4101 857 4160 θ
876 4101 979 4168 αὐτοὺς
996 4101 1070 4173 τοὺς]
1088 4101 1155 4168 τοὺς
1173 4099 1260 4158 αὑτοῦ
1278 4119 1293 4157 e
1308 4103 1312 4171 Ι
1330 4104 1365 4160 ll
1391 4095 1473 4172 ἔνθα]
1491 4098 1616 4158 ἐνταῦθα

305 4207 321 4243 o
337 4191 342 4256 1
358 4189 397 4245 14
410 4185 574 4258 ἐπιμελῆται
585 4189 597 4241 l
609 4185 783 4256 ἐπιμελεῖται
794 4205 830 4243 σο
847 4191 851 4256 Ι
866 4194 980 4260 γεωργῇ
991 4187 1002 4240 l
1013 4197 1174 4258 γεωργῆσαι
1188 4203 1225 4241 oo
1240 4186 1245 4253 Ι
1261 4187 1297 4242 lt
1313 4187 1353 4256 δὲ]
1366 4196 1399 4245 <
1412 4204 1428 4241 o
1443 4187 1448 4254 1
1465 4187 1502 4242 18
1516 4180 1555 4256 Ὀ]
1568 4187 1616 4240 irr-

304 4274 421 4328 ttmlioh
433 4276 513 4328 nnter
524 4274 550 4327 d.
562 4261 706 4328 Ubereohr.
718 4280 770 4327 τοῦ
782 4270 882 4338 αὑτοῦ,
899 4273 1030 4328 wehrend
1043 4272 1087 4327 ein
1099 4271 1250 4341 Fragment
1262 4269 1452 4342 Olympiodoro
1464 4271 1618 4339 vorangeht

305 4378 329 4414 ο.
358 4357 422 4413 eod.
435 4359 515 4412 Leur.
528 4357 574 4424 XI,
590 4362 607 4412 4
624 4358 674 4412 het
697 4357 747 4411 auf
760 4357 808 4412 fol.
826 4359 894 4414 252r
911 4358 983 4414 noeh
1001 4355 1144 4424 folgenden
1156 4357 1317 4426 Fragment:
1339 4357 1411 4428 Ωργ.
1428 4348 1616 4410 Ἄπολαὺσατε

305 4529 367 4599 Vgl.
381 4490 479 4584 Jorem.
491 4530 532 4592 47,
546 4528 599 4595 101
618 4525 696 4585 ner.
715 4526 773 4582 dies
790 4527 940 4597 Fragment
956 4497 1037 4580 nebet
1053 4525 1098 4579 Nr.
1118 4525 1203 4579 LXIX
1222 4527 1291 4593 (149)
1311 4496 1409 4595 gehtrt
1427 4522 1567 4578 vielleieht
1584 4481 1616 4576 αὑ

305 4615 352 4668 der
365 4615 406 4670 39.
419 4609 546 4676 Homilie,
565 4627 621 4665 von
640 4609 688 4665 der
705 4613 754 4666 dee
766 4611 938 4666 Prooemium
957 4611 986 4664 in
999 4609 1047 4665 der
1059 4609 1216 4666 PhiloanIe
1230 4609 1354 4663 erhelten
1366 4609 1403 4663 ist
1416 4608 1479 4680 (vgl.
1487 4609 1512 4664 S.
1519 4607 1616 4676 198,3).
