3768 5544
338 467 377 528 62
780 457 918 528 Origenes’
937 457 1194 514 Joremiahomilien.

337 650 407 711 μσς.
450 626 479 692 εί
504 626 540 692 δὲ
565 625 732 693 ἐκένωσεν
758 621 891 710 (ἑαυτὸ)
923 625 1030 692 ἐκεῖνο
1060 620 1101 692 τὸ
1132 625 1339 710 ἐπιδημῇσαν
1370 626 1420 709 τηῦ
1451 628 1528 710 βίῳ,
1560 615 1644 692 αῦτὸ

337 725 445 792 ἐκεῖνο
469 719 509 792 τό
531 725 665 810 κένωμα
688 728 791 808 σοφία
813 711 869 808 ῇν·
892 713 964 792 »ότι
984 719 1026 792 τό
1047 719 1164 809 μωρόν
1180 727 1242 791 τοῦ
1256 726 1342 792 θεοῦ
1356 719 1558 808 σοφώτερον
1572 728 1645 791 τών

338 817 538 910 ἀνθρώπων
560 824 681 891 ἐστίντ.
723 826 752 890 εί
773 821 840 907 ἐγώ
862 816 1019 910 είρῇκειν·
1049 819 1108 891 »τό
1130 819 1249 910 μωρόν
1272 826 1334 891 τοῦ
1357 826 1475 904 θεοῦτ,
1504 828 1580 902 ποῦς
1602 817 1645 890 ἐν

339 922 371 992 σί
395 927 561 1008 φιλαίτιοι
576 917 810 1009 <ἐν>εκόλεσόν
824 946 897 1009 μοι,·
922 927 997 1002 πῶς
1012 915 1055 990 όν
1069 916 1264 1008 ἐμέμψαντό
1278 946 1350 1008 μοι;
1376 928 1452 1002 πώς
1467 917 1510 990 όν
1523 927 1645 1007 χιλίων

305 1026 398 1109 ομέν
428 1023 615 1108 εἰρημένων
643 1027 717 1090 τών
744 1026 977 1109 νομιζομένων
1004 1027 1059 1090 καί
1086 1016 1201 1102 αὐτοῖς
1226 1025 1358 1102 καλοῦν,
1390 1017 1519 1091 τοῦτου
1540 1025 1574 1090 δέ
1598 1015 1645 1102 ώς

253 1123 471 1192 2421οίονται
493 1116 535 1190 οῦ
564 1129 568 1205 Ι
596 1127 711 1202 καλῶς
733 1123 908 1208 εἰρημένου
928 1116 1180 1209 κατηγορῇθην,
1213 1116 1301 1190 διότι
1322 1119 1421 1189 είπον
1446 1118 1504 1191 »τό
1526 1117 1645 1206 μωρόν

338 1225 402 1292 τοῦ
436 1225 558 1303 θεοῦι;
593 1228 670 1290 νυνί
706 1223 741 1288 δὲ
771 1225 906 1302 Παῦλος
940 1215 989 1301 ώς
1025 1217 1133 1306 σοφός
1166 1225 1222 1289 καί
1257 1223 1411 1306 ἐξουσίαν
1446 1221 1535 1306 ἔχων
1565 1214 1646 1290 όπο-

339 1318 503 1408 οτολικῇν
539 1315 723 1408 ἐτόλμησεν
758 1323 865 1389 εἰπεῖν
899 1324 1012 1389 πᾶσαν
1047 1317 1112 1407 τὴν
1146 1321 1201 1388 ἐπί
1236 1325 1296 1407 γῆς
1327 1325 1464 1404 σοφίαν,
1494 1325 1550 1388 καί
1582 1317 1656 1406 τὴν,

339 1424 376 1490 ἐν
417 1415 511 1509 αὐτῷ
548 1424 602 1489 καὶ
640 1416 704 1506 τὴν
740 1422 777 1490 ἐν
812 1423 932 1507 Πέτρῳ
967 1426 1024 1489 καί
1059 1436 1133 1500 τοῖς
1170 1414 1393 1502 ἀποστόλοις,
1429 1422 1543 1489 πᾶσαν
1581 1416 1646 1506 τὴν

288 1533 321 1587 10
339 1517 590 1608 ἐπιδημῇσασαν
617 1522 668 1606 τῷ
691 1513 809 1605 κόσμῳ
832 1518 918 1589 εἶναι
943 1516 1001 1590 »τό
1023 1515 1143 1606 μωρόν
1164 1523 1229 1589 τοῦ
1249 1523 1364 1590 θεοῦτ.
1408 1513 1456 1600 ώς
1477 1515 1540 1604 γὰρ
1561 1515 1647 1605 πρός

339 1623 471 1706 ἐκείνην
498 1616 563 1706 τὴν
589 1622 726 1703 σοφίαν,
757 1612 800 1705 ἣν
826 1612 868 1686 οῦ
892 1633 996 1704 χωρεῖ
1019 1620 1074 1687 ἐπί
1096 1622 1156 1706 γῆς
1182 1614 1303 1701 τόπος,
1336 1614 1384 1699 ώς
1405 1615 1492 1705 πρὸς
1513 1621 1646 1706 ἐκείνην

341 1717 404 1807 τὴν
427 1726 552 1804 σοφίαν
575 1715 638 1805 τὴν
653 1711 909 1804 ῦπερουρόνιον,
933 1714 997 1805 τὴν
1011 1713 1246 1806 ῦπερκόσμιον,
1262 1721 1367 1788 τοῦτο
1384 1715 1424 1788 τό
1440 1719 1647 1805 ἐπιδημῇσαν

338 1816 457 1907 μωρόν
478 1823 542 1888 τοῦ
561 1822 654 1888 θεοῦ.
695 1811 783 1887 ἀλλὰ
805 1821 910 1887 τοῦτο
936 1815 995 1887 »τό
1015 1815 1135 1905 μωρόν
1156 1821 1220 1888 τοῦ
1241 1821 1326 1887 θεοῦ
1347 1816 1551 1903 σοφώτερον
1573 1821 1647 1886 τών

340 1913 540 2005 ἀνθρώπων
566 1920 687 1987 ἐστίντ.
730 1921 844 1987 ποίων
870 1912 1086 2003 όνδρώπων;
1119 1911 1160 1987 οῦ
1182 1923 1256 1987 τών
1277 1921 1405 2004 μωρών
1426 1919 1529 2004 λέγω,
1560 1909 1646 1985 ἀλλὰ

289 2031 321 2084 15
340 2011 543 2106 σοφώτερόν
565 2021 713 2086 ἐστικαὶ
734 2021 807 2086 τών
828 2021 950 2102 σοφῶν
972 2011 1187 2103 ἀνθρώπων·
1212 2013 1277 2086 κόν
1299 2013 1381 2098 τοῦς
1402 2013 1530 2102 σοφοῦς
1552 2017 1647 2102 εἴπης

340 2121 403 2187 τοῦ
424 2121 552 2198 αἰώνος
576 2113 703 2187 τοῦτου
724 2118 791 2185 είτε
813 2113 979 2204 ἄρχοντας
1001 2119 1067 2186 εἴτε
1088 2115 1276 2204 προφήτας,
1299 2121 1374 2186 τών
1389 2110 1569 2201 ἀρχόντων
1583 2119 1647 2184 τοῦ

340 2218 466 2297 αίώνος
488 2213 616 2287 τοῦτου
641 2214 700 2286 »τό
714 2211 831 2302 μωρόν
846 2221 910 2286 τοῦ
924 2220 1039 2299 θεοῦτ,
1063 2209 1081 2286 ό
1097 2212 1313 2305 διηγησάμην,
1340 2213 1559 2302 »σοφώτερον
1574 2219 1647 2283 τών

340 2311 539 2402 ἀνθρώπων
562 2319 683 2387 ἐστίντ.

422 2425 450 2486 9.
473 2411 676 2505 Παρόδοξόν
698 2445 732 2486 τι
753 2421 866 2504 μέλλει
888 2421 997 2503 λέγειν
1019 2409 1038 2484 ό
1061 2409 1173 2502 λόγος,
1196 2405 1251 2484 ότι
1269 2408 1307 2502 »ἡ
1323 2420 1426 2500 σοφία
1441 2418 1505 2484 τοῦ
1518 2407 1647 2500 κόσμου

288 2525 322 2580 20
338 2521 448 2600 μωρία
474 2513 565 2600 παρὰ
586 2521 638 2604 τῷ
661 2520 734 2604 θεῷ
756 2517 883 2598 ἐστιντ,
913 2520 968 2584 καί
993 2513 1185 2603 »ἐμώρανεν
1207 2506 1225 2582 ὁ
1247 2511 1330 2595 θεός
1351 2511 1416 2601 τὴν
1437 2519 1562 2599 σοφίαν
1584 2515 1648 2583 τοῦ

337 2608 493 2702 κόσμουτ.
545 2604 610 2702 ἆρα
645 2617 684 2685 ἐν
719 2620 822 2704 σοφίᾳ
856 2613 1032 2704 ἐμώρανεν·
1068 2610 1132 2701 τὴν
1170 2620 1294 2699 σοφίαν
1325 2617 1388 2682 τοῦ
1415 2607 1558 2700 κόσμου;
1592 2617 1645 2681 καλ

339 2708 480 2783 δύναται
500 2719 650 2802 χωρῇσαι
677 2713 742 2802 τὴν
765 2721 903 2800 σοφίαν,
927 2707 969 2784 ἵν’
991 2717 1133 2800 ἐλεγχθῇ
1154 2710 1252 2799 μωρὰ
1274 2712 1372 2795 είναι,
1396 2707 1416 2800 ἡ
1438 2717 1501 2782 τοῦ
1521 2707 1649 2798 κόσμου

339 2818 458 2897 σοφία,·
479 2805 680 2899 ἀγωνίζεται
700 2813 762 2901 γὰρ
785 2809 805 2902 ῇ
821 2821 923 2899 σοφία
939 2817 1002 2883 τοῦ
1017 2817 1101 2882 θεοῦ
1115 2810 1201 2898 πρὸς
1216 2809 1281 2900 τὴν
1295 2819 1420 2898 σοφίαν
1436 2817 1499 2883 τοῦ
1513 2807 1648 2899 κόσμου,

339 2913 393 2981 ίνα
414 2914 558 3000 ἐλεγχθῇ
581 2910 666 2998 πρὸς
688 2908 807 3002 αότῇν,·
822 2917 833 3002 ΙΙ
850 2908 922 2983 ἀλλ’
946 2906 1063 2999 όλίγου
1084 2911 1179 2993 τινός
1200 2918 1293 2999 χρεία
1315 2915 1406 2982 ἐστὶν
1427 2905 1512 2999 όπερ
1532 2905 1649 2998 ὀλίγον
1670 2926 1721 2981 176

287 3027 320 3081 25
338 3007 458 3099 μωρὸν
489 3016 552 3081 τοῦ
582 3016 667 3082 θεοῦ
696 3015 801 3097 ἐστιν,
833 3015 888 3082 ίνα
914 3009 1030 3100 τούτῳ
1056 3018 1108 3101 τῷ
1131 3019 1245 3098 βραχεῖ
1264 3018 1370 3100 μωρῷ
1393 3017 1456 3082 τοῦ
1476 3017 1562 3081 θεοῦ
1583 3037 1651 3099 μω-

340 3117 451 3199 ρανθῇ
475 3107 495 3198 ῇ
518 3117 623 3196 σοφία
646 3117 709 3182 τοῦ
730 3107 858 3200 κόσμου
879 3117 934 3181 καί
956 3115 1108 3199 ἐλεγχθῇ.
1152 3107 1193 3182 οῦ
1214 3109 1277 3198 γὰρ
1298 3113 1416 3197 ἔφερεν
1433 3112 1452 3199 ιΙ
1468 3117 1571 3196 σοφία
1587 3115 1651 3180 τοῦ

340 3205 468 3298 κόσμου
494 3207 622 3280 τούτου
649 3209 713 3298 τὴν
740 3217 865 3296 σοφίαν
892 3215 955 3280 τοῦ
976 3217 1069 3281 θεοῦ.
1113 3210 1188 3281 οἷον
1206 3214 1260 3280 ἐπί
1282 3216 1564 3299 παραδείγματος,
1595 3209 1651 3280 ίνα

342 3306 465 3397 νοῇσης
488 3301 543 3378 ότι
568 3309 627 3379 »τὸ
649 3307 766 3395 μωρὸν
780 3314 845 3380 τοῦ
862 3315 963 3379 θεοῦι
989 3308 1259 3398 »ἐμώρανεντῇν
1274 3317 1400 3396 σοφίαν
1414 3317 1479 3382 τοῦ
1492 3307 1650 3398 κόσμουι,

340 3403 496 3478 δεδόσθω
518 3435 559 3496 με
573 3403 810 3496 ἀγωνίζεσθαι,
826 3405 997 3479 δοκοῦντά
1011 3437 1051 3496 με
1067 3415 1187 3480 είδέναι
1203 3407 1316 3481 πολλὰ
1330 3416 1386 3480 καὶ
1401 3415 1550 3492 πλείονα,
1565 3403 1651 3496 πρός

288 3522 323 3576 30
341 3535 418 3577 τινα
440 3502 590 3596 όνόητον
611 3514 667 3578 καί
689 3504 894 3580 ἀπαίδευτον
909 3515 965 3578 καὶ
979 3513 1083 3598 μηδὲν
1098 3515 1254 3581 συνιέντα
1269 3509 1383 3597 καὶμὴ
1398 3506 1651 3598 ἀγωνιζόμενον

341 3603 424 3694 ῦπέρ
451 3602 568 3694 λόγων
595 3615 763 3696 γενναίων
786 3603 1060 3696 όποιωνδῇποτε.
1103 3597 1168 3696 ἆρα
1189 3613 1301 3698 χρείαν
1324 3611 1389 3696 ἔχω
1412 3613 1622 3698 διαλεκτικῆς
1646 3617 1648 3696 Ι

255 3729 324 3784 243r
341 3705 427 3795 πρὸς
449 3711 581 3778 ἐκεῖνον
602 3703 624 3796 ἢ
646 3705 884 3798 θεωρημάτων
907 3711 1116 3791 βαθυτέρων,
1139 3701 1243 3796 ἐάνῇ
1266 3709 1365 3797 μωρὰ
1386 3705 1493 3780 αῦτοῦ
1515 3709 1558 3780 τὰ
1575 3706 1652 3800 νοή-

340 3832 446 3895 ματαξ
469 3803 529 3894 οῦχ
552 3804 629 3889 ἑνός
650 3835 707 3896 μοι
728 3812 874 3894 λεξιδίου
892 3814 987 3895 χρεία
1009 3811 1102 3877 ἐστίν
1124 3801 1229 3895 όλίγφ
1253 3814 1451 3896 δριμυτέρου
1471 3807 1565 3895 παρὰ
1586 3807 1652 3897 τὴν

426 4026 473 4082 21.
491 4026 502 4079 I
515 4025 579 4081 Kor.
599 4030 621 4092 1,
634 4027 675 4082 25.
692 4056 727 4065 -
743 4027 760 4081 θ
778 4026 842 4097 Vgl.
854 4027 867 4080 I
879 4027 943 4081 Kor.
957 4029 981 4088 1,
993 4028 1034 4083 25.
1047 4057 1080 4066 -
1095 4029 1109 4082 7
1124 4026 1187 4098 vgl.
1200 4029 1213 4082 l
1226 4029 1288 4084 Kor.
1301 4029 1326 4096 3,
1340 4029 1437 4083 101³-
1450 4027 1514 4099 Vgl.
1526 4029 1539 4082 l
1550 4030 1615 4086 Kor.
1628 4031 1652 4092 9,

341 4110 428 4166 1-5‘?
441 4141 473 4149 -
488 4111 580 4169 1217
595 4112 683 4166 IKor.
697 4115 720 4174 1,
732 4113 773 4168 25.
786 4142 819 4150 -
834 4112 871 4167 16
882 4111 946 4182 Vgl.
959 4113 1045 4168 IKor.
1058 4115 1082 4178 2,
1094 4115 1119 4168 8.
1131 4141 1164 4152 -
1178 4113 1217 4168 19
1227 4111 1290 4183 Vgl.
1304 4113 1423 4178 lssor.3‚
1435 4114 1474 4168 19.
1502 4113 1566 4184 Vgl.
1578 4112 1652 4168 Hier.

341 4194 444 4250 Gomm.
454 4197 513 4251 914.
522 4225 555 4234 -
566 4195 631 4251 291.
643 4195 707 4266 Vgl.
717 4197 730 4250 I
742 4197 806 4252 Κατ.
817 4199 840 4258 1,
849 4197 890 4252 20.
900 4225 933 4235 -
944 4197 1009 4253 241.
1020 4196 1056 4252 28
1065 4196 1129 4266 Vgl.
1139 4195 1152 4248 I
1161 4197 1225 4251 Kor.
1237 4202 1260 4263 1,
1269 4199 1311 4253 25.
1319 4227 1352 4236 -
1363 4197 1400 4252 28
1408 4197 1471 4268 vgl.
1482 4199 1567 4253 ΙΚοτ.
1578 4202 1601 4263 1,
1611 4199 1652 4256 20.

428 4381 444 4436 1
469 4374 553 4435 ἐαοτδ
575 4381 647 4434 nach
669 4381 707 4434 H:
730 4397 758 4434 εο
777 4381 781 4447 Ι
801 4381 820 4436 9
843 4377 1023 4446 ἀποστόλοις,
1045 4381 1149 4450 πᾶσανΙ
1172 4382 1285 4435 caeteris
1307 4381 1439 4450 apostolis
1451 4381 1488 4446 Η,
1512 4381 1654 4437 vielleieht

341 4464 444 4535 riohtig
466 4466 470 4533 Ι
495 4465 532 4520 11
562 4462 597 4520 οῦ
621 4466 693 4520 nach
713 4465 751 4520 H:
778 4482 832 4519 νιοιι
857 4459 941 4520 οὖνὸ
965 4467 969 4532 Ι
995 4465 1081 4532 17Ι18
1103 4472 1160 4520 τῶν
1183 4461 1356 4538 ἀνθρώπων]
1378 4465 1537 4520 ίιουνίιιίίαε
1554 4465 1593 4530 Η,
1620 4485 1653 4521 τα

342 4548 499 4604 εέτοὶαίιουῖ
523 4552 527 4617 Ι
551 4551 590 4605 22
608 4548 724 4606 δύναται
734 4549 781 4605 Ηα
794 4549 919 4619 μοίαείΗ
936 4547 1083 4605 δόνασαιθ
1106 4559 1111 4618 Ι
1135 4550 1248 4621 σοφίαν]
1267 4558 1299 4614 ÷
1311 4550 1365 4605 Dei
1375 4551 1401 4605 Η
1424 4552 1428 4620 Ι
1453 4550 1493 4606 24
1511 4547 1601 4624 όσπερ
1618 4551 1651 4604 S*
1862 4613 1863 4632 η

343 4631 415 4706 όπερ
432 4633 462 4687 8¹
478 4635 482 4701 Ι
497 4634 535 4689 22
555 4629 787 4705 ἐὰν-νοήματα]
805 4645 839 4696 <
851 4635 877 4689 Η
892 4636 896 4704 Ι
912 4635 948 4690 82
966 4631 1062 4710 ὀλίγῳ]
1081 4631 1179 4706 ὀλίγον
1196 4635 1222 4690 S.
