3702 5540
318 472 358 535 36
760 460 899 533 Origenee’
917 460 1168 518 Joromiahomilien

317 634 404 710 τίαις
430 622 547 698 αύτῶν
574 621 652 698 0665
677 627 915 716 έρυθριῶντες.
958 630 1114 698 τοιοῦτοί
1141 631 1225 698 εἰσιν
1248 629 1281 698 οἰ
1301 623 1548 717 »ἀπηλγηκότες
1570 635 1626 699 καὶ

317 725 458 808 ἑαυτούς
487 723 701 816 παραδόντες
733 721 824 812 πάσῃ
855 721 1010 817 ἀσελγείᾳ
1035 733 1092 797 καὶ
1116 722 1208 814 πάση
1236 723 1445 819 ἀκαθαρσία.
1491 734 1625 812 βλέπεις

316 826 379 917 γάρ
401 825 484 908 τούς
506 821 574 898 ἀπὸ
596 831 670 898 τῶν
692 829 810 898 έθνῶν
831 833 910 898 τίνα
931 823 1066 915 τρόπον
1089 822 1137 910 ῶς
1160 823 1328 917 ἀριστείας
1350 823 1426 899 ἔσθ’
1443 819 1501 898 ότε
1523 857 1624 899 κατα-

316 933 473 1017 λέγουσιν
502 925 564 1008 τάς
593 933 757 1015 πορνείας
786 929 842 996 καί
872 923 934 1009 τάς
963 933 1111 1014 μοιχείας
1144 927 1292 1010 ἑαυτῶν,
1325 922 1403 999 ούδὲ
1431 926 1626 1019 αἰδούμενοι

282 1021 498 1116 δόμολογεῑν
527 1024 740 1097 τὰτοιαῦτα
766 1029 1002 1114 πεποιηκέναι,
1032 1029 1089 1095 καὶ
1116 1020 1157 1096 ού
1183 1029 1339 1114 λέγουσιν
1366 1021 1453 1098 αύτά
1479 1022 1625 1117 ἀμαρτή-

315 1155 413 1215 ματα.
460 1119 544 1198 ὅσον
577 1121 640 1198 ούκ
666 1123 898 1212 αἰσχύνονται,
931 1120 993 1196 ούκ
1019 1119 1263 1197 ἀναλίσκονται
1289 1120 1405 1198 αύτῶν
1432 1129 1465 1197 οί
1490 1125 1624 1215 μόχθοι,

317 1222 379 1298 ούκ
406 1222 622 1298 ἀναλίσκεται
648 1221 765 1296 αύτῶν
787 1223 831 1295 τά
852 1218 1084 1313 ἀμαρτήματα.
1127 1219 1211 1314 ἀρχή
1234 1220 1377 1312 ἀγαθῶν
1398 1228 1492 1298 έστιν
1512 1225 1554 1298 τό
1577 1233 1625 1298 αἰ-

315 1331 503 1415 σχυνθῆναί
524 1353 602 1395 τινα
624 1320 646 1394 6
668 1320 731 1397 ούκ
752 1320 926 1413 ᾐσχύνετο.
962 1323 1017 1395 διὰ
1039 1328 1145 1396 τοῦτο
1168 1323 1235 1413 ἐγῶ
1258 1320 1300 1395 ού
1320 1321 1474 1413 κατάραν
1497 1333 1625 1414 νομίζω

231 1441 297 1497 226v
314 1429 352 1496 έν
366 1442 441 1507 τοῖς
455 1420 650 1513 προφήταις
665 1427 823 1512 λέγεσθαι
838 1424 875 1495 ἐν
889 1451 941 1512 τῳ
923 1421 1263 1513 ιαίσχυνθήτωσαν
1275 1431 1331 1495 καί
1345 1421 1559 1515 ἐντραπήτωί
1563 1448 1626 1497 σαν

265 1541 298 1598 10
314 1521 443 1606 πάντες
465 1527 497 1595 οἰ
517 1529 696 1614 μισοῦντες
710 1521 838 1595 Σιῶντ.
875 1513 1007 1611 εύχεται
1020 1522 1083 1613 γάρ
1098 1522 1181 1606 τούς
1196 1520 1427 1613 ἀναισθήτους
1442 1530 1605 1615 <τῶν>”
1564 1554 1625 1615 της

315 1620 474 1712 αἰσχύνης
488 1623 597 1712 ἔργων
613 1628 660 1706 είς
675 1631 899 1713 συναίσθησιν
915 1625 1080 1746 ἔρχεσθαι,
1104 1626 1159 1695 ἵνα
1174 1628 1414 1712 αἰσχυνθέντες
1429 1629 1626 1714 δυνηθῶσιν

315 1718 490 1794 ἀναλῶσαι
511 1721 593 1805 τοὺς
613 1720 765 1813 μόχθους
786 1729 843 1794 καλ
864 1721 909 1794 τὰ
930 1718 1154 1813 ἀμαρτήματα
1176 1719 1302 1795 αὐτῶν.

397 1833 425 1894 6.
456 1820 502 1892 Τά
531 1827 567 1892 δὲ
597 1819 705 1909 ἄλογα
737 1829 810 1894 τῶν
842 1827 1004 1911 πατέρων
1029 1819 1198 1912 κινήματα
1227 1821 1418 1912 »πρόβατατ
1448 1824 1543 1896 εἶπεν
1568 1830 1624 1896 καὶ

318 1919 509 2011 »μόσχουςα
553 1917 594 1994 06
615 1921 677 2011 γάρ
699 1919 814 1994 πάντα
836 1922 881 1994 τά
896 1920 1006 2011 άλογα
1021 1917 1195 1994 ἐπαινετά·
1218 1916 1299 1994 ἀλλ’
1314 1923 1407 1994 ἔστιν
1422 1919 1531 2011 άλοχά
1547 1952 1624 1994 τινα

263 2038 296 2092 15
313 2017 438 2106 ψεκτά,
470 2017 584 2110 ῶσπερ
611 2021 656 2092 τὰ
681 2020 836 2111 πρόβατα
863 2028 937 2094 τῶν
959 2025 1121 2110 πατέρων
1142 2027 1216 2092 τῶν
1238 2017 1500 2112 ἡμαρτηκότων·
1532 2023 1624 2094 ἔστιν

314 2125 352 2191 δέ
380 2149 458 2192 τινα
489 2119 598 2210 ἄλογα
628 2119 804 2206 ἐπαινετά,
836 2121 926 2195 οἰον·
959 2121 1021 2192 »τά
1050 2120 1113 2210 έμά
1142 2118 1298 2209 πρόβατα
1324 2127 1386 2210 τῆς
1413 2127 1534 2211 φωνῆς
1559 2150 1626 2211 μου

314 2215 527 2292 ἀκούουσιντ.
562 2217 717 2308 πρόβατα
739 2211 784 2309 ἦν
804 2226 861 2293 καὶ
883 2227 1001 2304 ταῦτα,
1026 2218 1078 2303 οίς
1098 2216 1274 2309 ἀνάλογον
1292 2222 1412 2309 ἔχομεν
1426 2221 1491 2294 τόν
1507 2219 1623 2312 λόγον,

314 2321 451 2409 ἔχοντες
480 2318 545 2391 τόν
574 2324 720 2409 ποιμένα
749 2317 813 2392 τόν
843 2320 953 2393 καλὸν
983 2323 1021 2393 έν
1047 2337 1122 2402 ταῖς
1147 2337 1268 2407 ψυχαῖς
1295 2315 1400 2408 ήμῶν.
1447 2320 1534 2393 έπάν
1560 2321 1623 2411 γάρ

315 2425 395 2508 λέχη
418 2413 437 2490 6
460 2415 588 2510 σωτήρ
618 2419 702 2508 »ἐγώ
725 2425 791 2509 εἰμι
812 2414 832 2492 6
854 2419 983 2510 ποιμὴν
1006 2415 1024 2492 ό
1046 2417 1184 2502 καλόςι·
1213 2415 1275 2492 ούκ
1297 2415 1414 2492 ἀκούω
1435 2418 1545 2508 μόνον
1565 2451 1623 2492 κα-

263 2539 297 2595 20
314 2525 481 2604 θολικῶς,
505 2514 554 2602 οός
574 2514 703 2601 πάντες
725 2515 916 2605 ἀκούουσιν,
940 2513 995 2592 ότι
1016 2516 1145 2609 ποιμήν
1167 2523 1259 2591 έστιν
1281 2525 1355 2591 τῶν
1376 2518 1622 2593 πιστευόντων
1644 2540 1694 2594 153

313 2623 381 2738 (χαὶ
402 2622 508 2691 τοῦτο
530 2623 592 2708 μέν
614 2617 754 2708 γάρκαὶ
776 2616 864 2741 ύχιὲς
885 2627 942 2692 καὶ
963 2616 1116 2708 ἀληθές),
1139 2614 1228 2690 ἀλλὰ
1248 2625 1304 2689 καί
1326 2621 1363 2690 έν
1385 2648 1427 2707 τη
1412 2623 1512 2709 ’έμῇ
1532 2629 1631 2721 τρυχῆ

314 2713 480 2805 όφείλω”
465 2745 551 2806 εχειν
573 2719 674 2791 ἔνδον
695 2747 762 2808 μου
782 2718 847 2792 τὸν
870 2715 1030 2809 Χριστόν,
1054 2721 1156 2792 ἔνδον
1177 2744 1244 2807 μου
1264 2716 1328 2789 τὸν
1342 2717 1452 2791 καλὸν
1465 2727 1621 2809 ποιμένα,

312 2824 542 2906 ποιμαίνοντα
564 2817 667 2891 τὰέν
682 2823 755 2908 ἐμοὶ
770 2817 879 2909 ἀλογα
893 2817 1074 2942 κινήματα,
1094 2822 1148 2890 ίνα
1163 2823 1283 2907 μηκέτι
1296 2817 1404 2889 ἰπὶ
1367 2846 1432 2907 την
1447 2819 1558 2940 νομήν
1574 2817 1622 2902 ῶς

312 2919 429 3005 έτυχεν
451 2921 632 3006 έξέρχηται,
654 2913 736 2990 ἀλλ’
751 2914 899 3009 ἀγόμενα
920 2916 988 2991 ἀπὸ
1011 2924 1074 2990 τοῦ
1095 2922 1258 3006 ποιμένος
1273 2922 1381 2988 ταῦτα
1396 2917 1440 2989 τὰ
1454 2914 1621 3008 άλλότριά

260 3035 293 3088 25
311 3045 398 3088 ποτε
413 3013 628 3105 τυγχάνοντα
644 3013 751 3090 αύτοῦ
765 3021 832 3088 ἰδια
848 3023 986 3106 γένηται
1000 3014 1114 3088 αὐτοῦ.
1143 3015 1197 3088 διὰ
1211 3023 1317 3089 τοῦτο
1334 3023 1406 3102 νῦν,
1419 3015 1479 3088 έάν
1493 3017 1621 3108 ποιμήν

311 3108 392 3202 ήέν
406 3115 526 3204 έμοί,”
506 3141 599 3204 αρχει
612 3144 679 3204 μου
694 3123 768 3189 τῶν
782 3115 990 3208 αἰσθήσεων·
1013 3113 1127 3188 ούκέτι
1143 3111 1262 3188 είσίν“
1241 3114 1308 3188 υπὸ
1324 3121 1409 3189 νοῦν
1423 3113 1620 3207 ἀλλότριον,

310 3211 421 3303 ἢύπὸ
446 3211 622 3302 Φαραῶ,
608 3211 719 3303 ηύπό
735 3214 1051 3305 Ναβουχοδονόσορ,
1074 3211 1163 3286 ἀλλά
1185 3244 1252 3287 υπο
1265 3245 1330 3287 τον
1343 3214 1453 3288 καλον
1467 3223 1619 3307 ποιμένα

395 3309 504 3384 7.»‘H
524 3312 681 3404 αἰσχύνη(
712 3319 774 3387 οὐν
800 3313 1063 3403 »κατηνάλωσεν
1085 3315 1167 3396 τούς
1189 3312 1341 3404 μόχθους
1362 3321 1437 3387 τῶν
1457 3322 1619 3439 πατέρων

310 3408 408 3503 ήμῶν
430 3409 498 3486 ἀπὸ
521 3411 686 3503 νεότητος
701 3411 827 3500 αύτῶν,
850 3414 894 3486 τά
908 3413 1064 3504 πρόβατα
1080 3411 1197 3487 αύτῶν
1211 3421 1266 3486 καί
1282 3414 1364 3497 τοὺς
1378 3412 1460 3499 βόας
1475 3413 1621 3488 αύτῶντ.

396 3619 412 3676 1
432 3618 496 3689 Vgl.
509 3618 578 3688 Eph.
590 3621 615 3684 4,
628 3621 668 3674 19.
698 3619 763 3689 Vgl.
776 3619 805 3674 in
817 3619 886 3691 Eph.
898 3627 923 3685 4,
935 3624 969 3678 19
981 3621 1049 3688 (eat.
1063 3623 1151 3678 Gram.
1164 3622 1211 3688 VI,
1225 3625 1282 3688 175,
1295 3621 1384 3690 22ff.):
1403 3618 1440 3676 Εἰ
1450 3619 1479 3676 δὲ
1496 3621 1620 3690 θέλομεν

309 3709 410 3772 νοῆσαι
433 3702 467 3758 τὸ
491 3698 608 3768 ιοίτινες
630 3699 825 3774 ἀπηλγηκότες
847 3699 964 3771 ἑαυτούς
991 3707 1158 3778 παρέδωκαν
1184 3712 1218 3776 τῇ
1241 3703 1403 3779 ἀοελγείςιι,
1431 3706 1620 3776 συγκριίὀμεν

308 3787 374 3854 τοὺς
405 3789 684 3857 δυσωινειδητοῦντας
713 3791 763 3844 καὶ
794 3788 1036 3862 βασανιζομένους
1067 3786 1114 3846 έπί
1144 3797 1183 3864 τῷ
1218 3787 1424 3860 συνεγνωκέναι
1452 3809 1478 3844 τι
1510 3785 1620 3856 ἑαυτοῖς

309 3877 418 3944 φαῦλον
440 3879 500 3937 τοῖς
521 3870 593 3941 μετὰ
616 3871 709 3942 πάσης
731 3870 827 3939 ἀδείας
849 3875 1083 3930 πολλαπλασίονα
1106 3875 1262 3929 πταίουσιν.
1289 3903 1322 3913 -
1350 3873 1567 3940 9P121.128,5.
1585 3905 1618 3914 -

309 3957 347 4014 16
366 3957 428 4012 Joh.
447 3958 487 4023 10,
506 3959 547 4012 27.
566 3956 727 4013 -16J0h.
747 3960 786 4024 10,
805 3960 846 4014 11.
865 3963 905 4014 14.
924 3989 955 4000 -
977 3958 1049 4015 216.
1068 3958 1132 4030 Vgl.
1149 3957 1230 4013 Philo
1249 3957 1283 4012 de
1301 3975 1368 4012 ευατ.
1380 3957 1476 4013 Abelis
1494 3962 1522 4014 εί
1540 3959 1619 4013 Caini

307 4043 327 4105 1,
339 4044 389 4098 170
398 4043 438 4096 M:
450 4041 516 4098 τότε
527 4043 695 4120 καὶγίνεται
706 4044 813 4110 ποιμὴν
825 4042 986 4116 προβάτων,
998 4049 1056 4098 τῶν
1068 4041 1141 4099 κατὰ
1154 4044 1246 4114 ψυχήν
1259 4039 1372 4113 ἀλόγων
1385 4041 1531 4112 δινοίμεων
1544 4043 1617 4113 ἡνίο-

305 4125 358 4196 χός
373 4145 405 4182 τε
422 4128 471 4181 καί
483 4128 660 4199 κυβερνήτης,
680 4123 732 4182 οὐκ
749 4122 805 4182 έῶν
823 4124 911 4192 αὐτὰς
928 4125 1056 4194 ἀτάκτως
1075 4128 1213 4201 φέρεσθαι
1229 4129 1279 4182 καὶ
1295 4129 1467 4196 πλημμελῶς
1485 4128 1547 4198 δίχα
1561 4125 1617 4183 ἐπι-

308 4208 412 4266 στάτου
430 4211 479 4266 καί
495 4209 637 4281 ἡγεμόνος
653 4214 712 4267 κτλ.

392 4379 428 4436 10
444 4386 501 4434 τῶν
514 4378 558 4432 Gh
573 4381 577 4446 Ι
592 4378 629 4433 18
646 4377 788 4450 πρόβατα]
807 4383 841 4446 ÷
853 4387 911 4435 τῶν
929 4379 1061 4452 πατέρων
1074 4381 1117 4435 Gh
1133 4382 1137 4448 Ι
1151 4381 1250 4437 18—8.
1263 4381 1333 4448 38‘6
1349 4379 1450 4435 Hierzu
1462 4381 1570 4451 Fragm.
1585 4385 1615 4435 11

305 4463 335 4517 in
347 4463 380 4517 (λι
398 4461 704 4536 Πρόβατα-Χριστός
719 4466 723 4528 Ι
739 4465 772 4520 15
789 4471 846 4519 τῶν
859 4463 1000 4537 πατέρων]
1013 4473 1046 4523 <
1057 4464 1100 4520 Gh
1113 4465 1179 4534 (vgl.
1193 4466 1219 4520 Z.
1234 4467 1276 4534 13)
1292 4468 1297 4534 Ι
1312 4465 1348 4521 19
1360 4463 1427 4535 λέχη
1440 4464 1484 4520 Gh
1494 4463 1568 4535 λέγει
1581 4463 1599 4518 S
1612 4502 1613 4528 ,

304 4547 342 4603 23
368 4549 558 4615 ποιμαίνοντα
585 4547 610 4601 V
637 4545 810 4616 ποιμένοντα
837 4551 853 4603 S
878 4548 930 4617 125
948 4547 1061 4620 γένηται
1083 4551 1129 4604 Hu
1154 4548 1289 4620 γενέσθαι
1310 4550 1328 4602 8
1350 4549 1356 4617 Ι
1380 4549 1419 4604 26
1445 4547 1615 4618 αἰσθήσεων]

307 4638 338 4689 ÷
350 4633 399 4685 καί
412 4629 455 4684 Gh
470 4633 474 4687 Ι
490 4632 528 4686 27
548 4633 845 4705 Ναβουχοδονόσορθ
863 4634 1129 4706 Ναβουχοδονδσωρ
1148 4633 1165 4688 S
1184 4633 1251 4704 (vgl.
1269 4632 1372 4702 Index).
