3694 5542
315 449 373 512 192
756 442 894 512 Origeuee’
912 442 1173 499 Jereminhomilien.

313 629 435 690 σαντα,
463 601 539 677 ἀλλ’
565 602 800 693 »άπαλγοῦντα
827 602 875 689 οῦς
900 612 956 676 καὶ
977 602 1177 695 παραδόντα
1199 601 1306 678 αῦτὸν
1327 613 1371 694 τῇ
1392 603 1571 698 άσελγείᾳη
1594 601 1616 694 ἢ

313 711 442 778 τοῦτον
464 705 527 778 τὸν
548 706 632 794 μετὰ
654 705 720 797 τὴν
741 711 821 795 μίαν
843 701 1009 795 ἁμαρτίαν
1022 712 1230 790 πενθοῦντα,
1252 712 1464 794 θρηνοῦντα;
1486 699 1620 792 οῦτοςΙ

313 807 462 875 ἐλπίδων
484 811 584 876 ἐστίν.
617 799 699 878 όσσν
721 813 831 877 πλείω
852 813 982 877 καίεται
999 802 1066 877 ῦπό
1082 812 1145 876 τοῦ
1160 811 1221 895 τῆς
1236 803 1346 895 λύπης
1360 802 1476 894 πυρός,
1499 811 1619 878 τοσοῦ-

314 931 377 976 τον
394 910 527 994 μᾶλλον
549 909 700 991 ἐλεεῑται,
725 913 782 978 καί
803 907 896 977 ἔστιν
917 901 1012 996 αύτῷ
1033 901 1155 994 χρόνος
1177 900 1346 996 αὐτάρκης
1367 912 1429 994 τῆς
1449 900 1620 987 κολάσεως

279 1025 296 1078 5
314 1009 522 1102 <τοσ>οῦτος,
545 998 626 1090 όσος
648 1009 766 1095 ἐκείνῳ
782 1009 914 1076 δίδοται
927 1001 1051 1093 χρόνος
1066 1001 1238 1088 κολάσεως
1253 1012 1305 1096 τῷ
1323 1005 1551 1095 πορνεύσαντι
1566 1011 1621 1074 καὶ

313 1109 513 1190 λυπηθέντα
548 1111 605 1174 καὶ
625 1109 698 1176 ἐπεὶ
719 1102 842 1193 χρόνος
863 1107 934 1176 ἐστὶ
956 1102 1071 1194 τούτῳ
1094 1110 1156 1193 τῆς
1177 1107 1330 1176 ἐνταῦθα
1343 1103 1516 1186 κολάσεως
1531 1114 1620 1176 λυσι-

315 1199 427 1292 τελής,
459 1201 512 1274 διὰ
544 1211 648 1277 τοῦτο
679 1201 976 1294 ἐπραγματεύσατο
1006 1201 1149 1276 κολάσαι
1175 1204 1238 1276 τὸν
1263 1201 1535 1292 πεπορνευκότα,
1565 1210 1621 1274 καὶ

315 1298 413 1393 ήνίκα
442 1299 603 1376 ἐκόλασεν
634 1301 740 1376 αῦτόν
771 1302 860 1392 λύπη
889 1310 945 1374 καὶ
977 1305 1042 1375 είδε
1067 1303 1137 1394 τήν
1163 1302 1275 1392 λύπην
1300 1299 1465 1392 αῦτάρκη,
1498 1309 1590 1392 φησί·
1612 1307 1621 1388 ΙΙ
1641 1317 1693 1373 275

228 1419 297 1474 325¹
313 1399 466 1492 »μήποΙτε
491 1410 535 1492 τῇ
560 1409 780 1495 περισσοτέρᾳ
807 1403 896 1490 λύπη
922 1411 1107 1493 καταποθῇ
1130 1398 1149 1474 ὁ
1176 1409 1348 1486 τοιοῦτος,
1374 1405 1550 1493 κυρώσατε
1576 1405 1622 1484 είς

263 1522 296 1576 10
315 1499 421 1575 αῦτὸν
443 1497 597 1592 άγάπηνε
634 1505 775 1586 ἕκαστος
797 1499 894 1592 ήμοῦν
916 1499 1108 1590 ἐξετασάτω
1129 1501 1193 1592 τὴν
1211 1506 1398 1590 συνείδησιν
1412 1502 1545 1586 ἑαυτοῦ,
1566 1508 1621 1572 καί

314 1607 416 1674 ίδέτω
439 1609 472 1672 τί
495 1597 655 1693 ἥμαρτεν·
679 1596 735 1673 ότι
755 1609 806 1674 δεῖ
819 1598 925 1674 αύτὸν
938 1607 1159 1692 κολασθῆναι.
1196 1596 1345 1689 εύχέσθω
1360 1608 1412 1691 τῷ
1426 1608 1500 1691 θεῷ
1517 1606 1622 1673 τοῦτο

315 1699 355 1774 τὸ
377 1708 446 1790 πῦρ
473 1699 515 1772 τὸ
537 1706 574 1774 ἐν
596 1709 648 1792 τῷ
670 1697 803 1793 Ἱερεμίᾳ
825 1697 919 1790 ήκειν
940 1698 998 1773 ἐπ’
1021 1698 1141 1787 αύτόν,
1169 1701 1242 1774 εἶτα
1264 1699 1306 1773 τὸ
1327 1705 1383 1772 ἐπὶ
1403 1709 1547 1790 Σίμωνα
1567 1708 1623 1771 καὶ

315 1796 474 1872 Κλεόπαν
496 1797 679 1890 ἐληλυθός,
702 1802 758 1873 ἵνα
778 1799 823 1890 μὴ
846 1809 980 1891 τηρηθῇ
1002 1807 1053 1891 τῷ
1077 1801 1171 1890 ἄλλῳ
1194 1807 1285 1888 πυρί·
1312 1806 1340 1872 εἰ
1362 1799 1424 1890 γάρ
1443 1799 1489 1890 μή
1505 1803 1623 1884 ἐλαβεν

314 1897 438 1972 ἐνθάδε
468 1897 509 1971 τό
539 1906 607 1990 πῦρ
637 1896 725 1973 άλλά
754 1908 810 1971 καὶ
839 1896 967 1990 ἥμαρτε
992 1909 1047 1974 καὶ
1073 1897 1114 1972 ού
1140 1896 1362 1990 πεφρόντικε,
1392 1897 1623 1990 τηρηθήσεται

263 2019 297 2074 15
314 2004 432 2090 ἐκείνῳ
456 2006 507 2089 τῷ
529 2007 618 2088 πυρί.

400 2105 485 2169 »Καὶ
510 2104 644 2188 ἐγένετο
671 2104 709 2172 ἐν
736 2105 779 2188 τῇ
801 2104 921 2192 καρδίη
942 2127 1009 2190 μου
1031 2096 1080 2183 αός
1100 2105 1168 2188 πῦρ
1189 2096 1385 2188 καιόμενον,
1413 2095 1623 2188 φλεγόμενον

315 2203 352 2270 ἐν
377 2218 449 2282 τοις
477 2193 607 2281 ὀστέοις
632 2227 711 2288 μου,
738 2203 794 2270 καί
819 2218 979 2290 παρεῖμαι
1000 2197 1176 2271 πάντοθεν
1197 2194 1316 2270 καλοῦ
1337 2196 1477 2286 δύναμαι
1499 2203 1621 2286 φέρειν,

315 2291 370 2370 ότι
392 2293 519 2387 ἤκουσα
540 2295 653 2388 ψόγον
677 2304 821 2370 πολλῶν
837 2304 1157 2388 συναθροιζομένων
1171 2296 1369 2370 κυκλόθενι.
1405 2292 1621 2388 ῦάμεμπτος,

316 2391 335 2468 ό
349 2395 512 2488 μακάριος
526 2393 677 2488 Ἱερεμίας
686 2393 778 2485 (καθ’
792 2395 1001 2485 ὑπεξαίρεσιν
1016 2402 1104 2486 λέγω
1120 2395 1248 2469 τούτου
1264 2403 1327 2469 τοῦ
1340 2403 1461 2486 μικροῦ
1475 2393 1621 2488 άμαρτή-

263 2515 298 2570 20
314 2525 421 2584 ματος
449 2503 505 2568 καὶ
531 2501 561 2568 εί
586 2527 620 2568 τι
646 2496 732 2569 άλλο
758 2497 863 2586 βραχῦ
888 2502 1083 2587 πεποίηκεν)
1104 2499 1244 2585 ἐψέγετο
1266 2492 1334 2568 ῦπὸ
1355 2505 1507 2569 πολλῶν.
1548 2493 1622 2568 ἀλλ’

315 2591 335 2668 ό
356 2593 424 2668 ῦπὸ
446 2603 520 2668 τῶν
541 2603 683 2668 πολλῶν
703 2593 813 2685 ψόγος
834 2592 928 2686 αύτῷ
952 2596 1119 2686 ἐγκώμιον
1139 2596 1232 2684 παρὰ
1254 2603 1326 2685 θεῷ
1343 2588 1393 2686 ἦν.
1428 2599 1545 2684 ἔλεγον
1559 2595 1621 2684 γὰρ

316 2699 348 2768 σί
370 2702 546 2785 ψέγοντες·
571 2694 798 2785 »ἐπισύστητε
820 2703 875 2767 καί
895 2700 1126 2785 ἐπισυστοῦμεν
1142 2692 1236 2786 αύτῷ
1251 2693 1380 2780 πάντες
1394 2694 1514 2786 ἄνδρες
1529 2703 1622 2782 φίλοι

315 2791 433 2868 αύτοῦ·
465 2793 634 2885 τηρήσατε
664 2794 729 2885 τὴν
760 2800 915 2868 ἐπίνοιαν
945 2793 1065 2880 αῦτοῦ,
1095 2803 1150 2864 καί
1182 2791 1467 2885 α’πατηθήσεταιι.
1515 2787 1622 2884 άλλην

315 2893 452 2984 άπάτην
473 2893 659 2981 ἐβούλοντο
681 2892 787 2968 αῦτόν
805 2891 977 2986 ἀπατῆσαι
993 2891 1163 2984 ὀλέθριον,
1186 2900 1345 2966 ἐναντίαν
1360 2903 1403 2984 τῇ
1417 2891 1532 2981 άπάτη
1546 2900 1623 2983 περὶ

263 3009 296 3065 25
315 2987 354 3084 ἧς
376 2996 481 3066 εἶπεν·
506 2991 701 3084 »ήπάτησάς
722 3023 776 3084 με,
798 2993 900 3083 κύριε,
922 3001 980 3066 καί
1000 2991 1214 3085 ήπατήθηντ.
1256 3001 1390 3084 λέγουσι
1412 3000 1448 3066 δὲ
1470 2985 1568 3067 οῦτοι
1590 2996 1623 3066 σί

314 3091 607 3183 ἐπισυνιστάμενοι
638 3090 745 3182 αύτῷ·
779 3101 851 3165 »καὶ
882 3092 1097 3184 δυνησόμεθα
1127 3091 1236 3184 αύτῷ,
1267 3102 1323 3166 καὶ
1350 3090 1530 3183 ληψόμεθα
1558 3091 1623 3182 τὴν

314 3197 482 3283 ἐκδίκησιν
513 3188 610 3283 ἡμῶν
639 3196 675 3278 ἐξ
705 3189 842 3265 αύτοῦτ.
890 3197 1023 3264 οἴονται
1054 3189 1233 3284 ἠδικῆσθαι
1263 3195 1295 3264 οὶ
1326 3197 1542 3282 ἐλεγχθέντες
1567 3196 1622 3264 ἐπὶ

314 3311 389 3378 ταῖς
419 3298 518 3376 ἰδίαις
548 3287 723 3381 άμαρτίαις
751 3299 807 3363 καί
837 3291 893 3362 διὰ
923 3298 1028 3363 τοῦτο
1060 3297 1236 3382 οἰηθέντες
1265 3289 1447 3382 ἠδικῆσθαι
1478 3299 1621 3380 λέγουσι·

318 3391 518 3483 »ληψόμεθα
540 3391 606 3482 τὴν
626 3397 793 3482 ἐκδίκησιν
815 3386 912 3480 ήμῶν
934 3395 969 3478 ἐξ
992 3387 1126 3464 αύτοῦι.
1161 3389 1323 3464 τοιοῦτόν
1345 3421 1379 3464 τι
1400 3389 1623 3481 πεποιήκασιν

264 3504 298 3559 30
315 3498 370 3564 καὶ
393 3496 425 3565 σί
447 3490 510 3564 τὸν
524 3486 659 3562 Ἠσαίαν
679 3495 872 3578 πρίσαντες·
896 3486 945 3574 οῦς
966 3487 1184 3580 ἀδικηθέντες
1203 3489 1265 3580 γάρ
1280 3489 1472 3581 (ἐπειδήπερ
1489 3495 1524 3562 αί
1538 3519 1622 3582 προ·

316 3610 450 3681 φητεῑαι
472 3595 680 3678 ἐπέστρεψαν
701 3585 827 3673 αῦτοῦς
847 3598 904 3661 καὶ
925 3589 1090 3677 ἐκόλαζον
1108 3587 1241 3676 αύτούς,
1264 3586 1417 3680 ἤλεγχον,
1438 3595 1621 3680 ἐπετίμων)

228 3711 298 3768 325v
317 3695 457 3778 ἐπρισαν
480 3686 587 3760 αύτὸν
607 3695 664 3761 καί
684 3694 907 3761 κατεδίκασαν
929 3685 1037 3762 αύτοῦ
1058 3695 1177 3780 ψῆφον
1200 3688 1408 3780 θαΙνατικήν.

398 3786 497 3860 Ἀλλά
519 3811 622 3877 φησιν
641 3783 660 3861 ό
680 3784 830 3878 Ἱερεμίας
853 3794 909 3860 ἐπὶ
930 3787 1069 3872 τούτοις
1089 3807 1162 3871 τοις
1183 3792 1389 3862 ἐπισυστᾶσι·
1414 3795 1486 3861 »καὶ
1508 3789 1622 3877 κύριος

315 3883 389 3977 μετ’
410 3893 490 3977 ἐμοῦ
511 3888 631 3970 καθώς
650 3889 802 3978 μαχητής
823 3889 975 3977 ἐσχόωνι.
1011 3887 1071 3960 ἐάν
1092 3888 1270 3977 γενώμεθα
1285 3883 1425 3972 ὁποίους
1440 3886 1525 3980 ἡμᾶς
1538 3891 1623 3961 εἶναι.

401 4051 417 4107 1
443 4049 506 4120 Vgl.
523 4050 593 4122 εριι
611 4052 635 4117 ι,
649 4051 689 4106 19.
719 4081 752 4090 -
781 4051 798 4105 ο
820 4050 885 4120 τρι.
907 4051 933 4104 11
950 4051 1014 4107 τοι.
1032 4051 1057 4117 2,
1075 4051 1099 4105 ι.
1116 4051 1141 4105 ε.
1170 4079 1204 4092 -
1232 4050 1269 4106 ιε
1291 4049 1355 4122 τοι
1373 4051 1441 4106 τοι.
1458 4053 1500 4118 οι,
1518 4051 1559 4106 32.
1588 4080 1620 4090 -

316 4134 395 4193 εστ.
413 4133 476 4203 νςι.
495 4133 579 4190 Ηιει.
599 4139 639 4200 11,
657 4136 697 4189 37.

401 4267 420 4324 θ
437 4264 566 4338 ἐλπίδων]
585 4263 705 4335 ἐλπίζων
717 4268 761 4324 Gh
772 4272 858 4337 δῆλον
876 4263 919 4326 δτι
936 4265 1056 4326 ἐλπίδων
1067 4272 1238 4345 κρειττόνων
1251 4272 1302 4338 θος
1324 4271 1476 4328 vielloieht:
1494 4265 1622 4338 ἐλαίδΙας

316 4349 424 4425 ἔχΙωνλ
441 4354 497 4424 vgl.
509 4352 535 4410 S.
548 4353 605 4420 191,
618 4355 648 4409 31
673 4353 715 4420 60,
728 4354 762 4408 28
777 4355 781 4422 Ι
795 4361 846 4408 τοῦ
862 4359 913 4421 τῆς
929 4351 1018 4424 λύπης
1035 4353 1191 4411 Koeteohau
1207 4361 1256 4424 τῆς
1266 4355 1356 4426 λύπης
1367 4364 1418 4412 τοῦ
1434 4357 1452 4411 S
1467 4357 1471 4424 Ι
1486 4357 1505 4412 5
1523 4361 1622 4412 τοσοῦ·

315 4457 364 4504 τος
386 4437 542 4492 Κοείεοίεεα
569 4436 624 4509 ng
646 4435 673 4491 Z.
695 4437 712 4492 3
736 4439 739 4504 Ι
764 4437 783 4492 8
808 4435 882 4506 λύπη
908 4437 947 4492 Co
973 4439 990 4507 η
1012 4437 1084 4508 λύπη
1111 4439 1154 4494 Gh
1175 4437 1283 4509 λῦπηθ
1307 4441 1312 4510 Ι
1337 4441 1375 4497 18
1401 4439 1542 4496 κυκλόθεν
1567 4437 1622 4507 vgl.

316 4522 343 4578 S.
362 4522 419 4587 173,
438 4522 472 4577 18
492 4519 640 4579 κύκλωθεν
661 4523 679 4579 S
699 4523 703 4590 Ι
723 4521 758 4578 21
783 4515 839 4578 ὑπὸ
858 4523 902 4578 Gh
924 4519 971 4580 ἐπὶ
992 4523 1010 4578 S
1033 4525 1037 4592 Ι
1065 4525 1101 4579 28
1122 4525 1181 4592 καί]
1203 4541 1304 4580 εοεαε
1324 4525 1384 4581 cod.
1402 4527 1451 4581 144
1468 4525 1517 4578 der
1537 4521 1622 4586 ΙιΧΧς

317 4607 342 4660 S.
355 4607 413 4674 173,
426 4609 458 4662 19
476 4624 502 4662 u.
519 4606 605 4662 LXX:
623 4605 669 4677 είΙ
684 4606 724 4663 θθ
741 4608 791 4662 καὶ
809 4603 846 4678 02]
865 4603 894 4664 οἱ
909 4610 960 4664 καί
975 4607 1002 4674 S,
1019 4608 1104 4663 kaum
1121 4608 1240 4664 haltbar.
