3768 5544
640 478 760 534 Romilio
778 477 850 534 VIII.
884 480 982 535 Ierem.
1001 482 1041 550 10,
1060 482 1168 536 12-14.
1517 487 1556 550 59

248 641 360 716 Ἠλίου
381 645 519 733 ἔμελλεν
541 636 560 712 5
582 637 679 725 ἀετὸς
700 649 861 732 γίνεσθαι,
884 647 978 732 ἴχνος
997 641 1106 733 ἐφάνη
1129 651 1274 733 νεφέλης
1299 641 1365 727 »ῶς
1386 649 1478 733 ἴχνος
1500 640 1556 715 ἀν-

249 743 345 832 δρὸς»
378 750 435 814 καὶ
461 745 595 832 ἐγένετο
622 749 747 831 νεφέλη
775 749 919 815 ποιοῦσα
945 743 1010 815 τὸν
1038 739 1147 817 ῦετόν.
1194 741 1242 827 ῶς
1269 748 1305 814 δὲ
1330 741 1557 833 ὑπαρχουσῶν

248 851 310 934 μὲν
332 849 405 914 τῶν
427 848 591 927 νεφελῶν,
613 849 847 929 κελευομένων
869 843 970 934 δὲμὴ
993 839 1064 916 ῦειν
1087 836 1173 916 όταν
1188 839 1375 934 ἀ<να>ξίαή
1390 843 1479 933 φυχὴ
1495 849 1558 916 τοῦ

248 941 350 1016 ῦετοῦ
386 937 550 1030 τυγχάνῃ,
595 947 726 1029 λέγεται
766 942 807 1014 τὸ
850 961 943 1026 »ταῖς
981 950 1137 1031 νεφέλαις
1177 949 1373 1032 έντελοῦμαι
1412 951 1475 1016 τοῦ
1513 942 1557 1033 μὴ

164 1053 232 1108 240v
248 1049 361 1132 βρέξαι
387 1038 438 1114 ἐπ’
462 1037 568 1113 αῦτὸν
594 1036 725 1112 δετόνι.
745 1048 748 1128 I
769 1039 895 1114 οῦκοῦν
922 1045 1062 1127 ἕκαστος
1084 1051 1158 1115 τῶν
1179 1039 1288 1132 ἀγλων
1310 1049 1435 1132 νεφέλη
1458 1049 1558 1115 ἐστίν.

250 1149 376 1231 Μωσῆς
413 1148 538 1232 νεφέλη
572 1133 615 1230 ήν
644 1147 699 1210 καὶ
727 1139 775 1225 ῶς
805 1148 929 1231 νεφέλη
961 1146 1084 1232 ἔλεγεν·
1124 1140 1295 1233 »πρόσεχε,
1331 1140 1467 1232 ου’ρανέ,
1502 1148 1558 1214 καὶ

250 1239 399 1332 λαλήσω·
429 1247 485 1312 καὶ
513 1238 667 1312 ἀκουέτω
698 1246 739 1330 γῆ
768 1239 900 1330 ῥήματα
927 1239 1096 1332 στόματός
1121 1270 1193 1332 μου.
1236 1241 1486 1332 προσδοκάσθω
1509 1237 1558 1324 ῶς

248 1340 345 1424 όετὸς
361 1341 402 1414 τὸ
419 1337 625 1429 ἀπόφθεγμά
640 1368 712 1430 μου.
743 1347 788 1429 (εἰ
799 1341 843 1431 μή
859 1333 903 1430 ἦν
918 1349 1054 1432 νεφέλη,
1072 1339 1229 1416 οῦδέποτ’
1239 1341 1282 1414 ἀν
1292 1345 1376 1415 εἶπε·
1395 1349 1555 1432 »προσδο-

249 1438 370 1513 κάσθω
393 1437 441 1522 ῶς
462 1436 560 1522 ῦετὸς
584 1438 623 1512 τὸ
646 1436 852 1529 ἀπόφθεγμά
873 1447 968 1530 μου,>
995 1448 1050 1513 καὶ
1067 1447 1077 1532 Il
1093 1441 1276 1533 καταβήτω
1299 1439 1348 1526 ῶς
1369 1441 1490 1532 δρόσος
1512 1435 1556 1512 τά
1579 1454 1628 1508 173

199 1561 232 1615 10
249 1537 382 1630 ῥήματά
404 1567 497 1628 μουι.
542 1537 590 1622 ῶς
613 1545 737 1629 νεφέλη
759 1546 858 1629 λέγει·
885 1538 982 1612 »ῶσελ
999 1535 1123 1630 ὄμβρος
1137 1539 1189 1614 ἐπ’
1205 1541 1383 1630 ἄγρωστιν,
1407 1548 1461 1611 καὶ
1478 1537 1556 1613 ῶσεὶ

250 1638 389 1727 νιφετὸς
414 1645 468 1710 ἐπὶ
493 1637 632 1727 χόρτον·
663 1632 718 1710 ότι
745 1633 852 1728 όνομα
878 1649 996 1730 κυρίου
1017 1639 1186 1713 ἐκάλεσαι.
1230 1635 1341 1726 οῦτως
1363 1639 1411 1724 ῶς
1433 1649 1557 1730 νεφέλη

249 1747 303 1811 καὶ
318 1735 449 1821 Ἡσαΐας
472 1746 570 1827 λέχει·
596 1737 724 1824 »ἄκουε
748 1737 879 1828 οάρανέ,
902 1749 957 1812 καὶ
973 1744 1146 1828 ἐνωτλζου,
1169 1748 1219 1831 γῆ,
1243 1735 1298 1813 ότι
1312 1740 1426 1830 κῦριος
1441 1737 1558 1830 ἐλάλη-

249 1863 336 1910 σενι.
379 1845 435 1910 καὶ
461 1835 639 1928 ἐπειδήπερ
665 1846 721 1910 καὶ
749 1835 852 1922 αῦτὸς
879 1831 922 1930 ἦν
948 1847 1086 1931 νεφέλη,
1117 1844 1231 1930 ἔλεγεν
1255 1847 1290 1913 δέ
1312 1846 1456 1929 νεφέλας
1479 1839 1557 1924 τοῦς

250 1937 597 2029 συμπροφητεῦοντας
613 1934 717 2028 αῦτῶ,
737 1945 841 2026 φησλν
856 1939 1102 2029 προφητεύων·
1128 1959 1219 2025 »ταῖς
1235 1947 1389 2030 νεφέλαις
1404 1945 1557 2012 ἐντελοῦ·

200 2057 231 2110 15
248 2067 306 2127 μαι
328 2045 393 2110 τοῦ
413 2037 458 2128 μή
481 2045 593 2126 βρέξαι
616 2044 662 2120 εἰς
684 2034 791 2110 αάτὸν
812 2034 943 2110 δετόνι.

332 2149 359 2209 4.
384 2145 424 2209 Εἰ
446 2143 481 2208 δέ
504 2134 662 2227 νενόηται
678 2133 765 2227 ήμῑν,
788 2145 878 2220 τίνες
892 2144 975 2209 εἰσὶν
990 2143 1023 2210 αλ
1039 2144 1186 2227 νεφέλαι,
1208 2143 1334 2229 ἴδωμεν
1349 2146 1425 2222 πῶς
1440 2133 1459 2210 ὸ
1475 2137 1557 2220 θεὸς

250 2235 388 2328 ἀνάγων
409 2241 502 2310 ἐστὶν
527 2242 686 2325 »νεφέλας
708 2241 744 2321 ἐξ
765 2234 906 2326 ἐσχάτου
928 2244 989 2327 τῆς
1011 2245 1098 2328 γῆςι.
1134 2245 1209 2321 πῶς
1230 2234 1288 2310 ἀπ’
1314 2237 1475 2328 »ἐσχάτου
1497 2243 1558 2328 τῆς

249 2345 344 2428 λῆς<;
366 2344 470 2426 φησὶν
492 2332 510 2408 ὸ
533 2335 661 2426 σωτήρ·
686 2331 722 2408 »ὸ
742 2343 859 2408 θέλων
881 2343 918 2410 ἐν
938 2336 1016 2427 ῦμὶν
1039 2341 1123 2410 εῖναι
1145 2345 1283 2427 πρῶτος
1305 2340 1398 2410 ἐσται
1413 2336 1558 2411 πάντων

249 2439 417 2526 έσχατοςι.
460 2434 622 2527 ἐτήρησεν
642 2434 774 2524 ταύτην
794 2436 861 2526 τήν
882 2436 1031 2526 ἐντολήν
1048 2446 1198 2523 Παῦλος,
1219 2445 1274 2508 καὶ
1296 2430 1338 2528 ἦν
1359 2439 1499 2526 ἔσχατος
1521 2442 1558 2509 ἐν

198 2560 232 2614 20
250 2537 365 2628 τούτῳ
388 2544 439 2627 τῷ
462 2535 587 2624 κόσμῳ.
625 2534 677 2606 διό
701 2558 816 2626 φησιν·
842 2542 952 2608 »δοκῶ
975 2535 1047 2627 γάρ,
1070 2533 1090 2608 ὸ
1114 2536 1196 2620 θεὸς
1211 2533 1296 2627 ἡμᾶς
1314 2537 1397 2620 τοῦς
1412 2532 1557 2608 ἀποστό·

250 2651 331 2722 λους
351 2633 513 2726 ἐσχάτους
534 2632 718 2721 ἀπέδειξεν,
746 2633 795 2718 ῶς
817 2641 1071 2721 ἐπιθανατίους,
1100 2630 1155 2708 ότι
1176 2643 1328 2726 θέατρον
1350 2634 1558 2726 ἐγενήθημεν

251 2746 300 2828 τῷ
331 2733 446 2826 κόσμῳ
477 2741 531 2806 καὶ
563 2732 715 2825 ἀγγέλοις
746 2742 801 2805 καὶ
832 2733 1062 2824 ἀνθρῶπσιςι,
1104 2741 1134 2808 εέ
1158 2767 1210 2820 τις
1238 2730 1300 2810 οῦν
1326 2742 1419 2808 ἐστιν
1440 2742 1557 2826 τηρῶν

250 2839 314 2928 τήν
341 2844 405 2908 τοῦ
431 2842 586 2924 σωτῆρος
613 2834 759 2924 ἐντολήν
780 2842 834 2904 καὶ
857 2833 1036 2924 γενόμενος
1058 2837 1197 2925 ἐσχατος
1218 2833 1265 2918 ῶς
1287 2835 1373 2925 πρὸς
1395 2834 1459 2908 τὸν
1481 2843 1557 2919 βίον

250 2944 391 3020 τοῦτον,
423 2926 526 3018 οὗτος
546 2943 675 3021 γίνεται
699 2940 833 3024 νεφέλη.
875 2943 931 3004 καὶ
954 2931 1070 3023 ἀνάγει
1093 2942 1237 3022 νεφέλας
1258 2929 1277 3007 ὸ
1300 2934 1382 3018 θεὸς
1404 2933 1465 3006 οῦκ
1487 2932 1555 3006 ἀπὸ

197 3057 231 3114 25
249 3045 323 3109 τῶν
344 3036 496 3124 πρῶτων
519 3040 580 3123 τῆς
600 3039 675 3123 γῆς,
699 3031 761 3106 οῦκ
784 3031 851 3106 ἀπὸ
873 3031 1053 3105 ῦπατικῶν
1074 3031 1191 3124 ἀνάγει
1213 3042 1369 3121 νεφέλας,
1403 3031 1465 3107 οῦκ
1488 3032 1556 3106 ἀπὸ

250 3134 447 3227 ἡγουμένων
474 3131 592 3224 ἀνάγει
614 3141 770 3220 νεφέλας,
800 3131 862 3206 οῦκ
885 3131 953 3207 ἀπὸ
976 3142 1165 3207 πλουσίων
1200 3132 1393 3224 »μακάριοιι
1419 3133 1482 3224 γὰρ
1507 3137 1557 3205 »οἱ

248 3242 390 3324 πτωχοί,
414 3229 468 3307 ότι
489 3231 633 3324 ῦμετέρα
655 3237 748 3304 ἐστὶν
770 3229 790 3323 ή
811 3242 960 3320 βασιλεία
982 3238 1045 3306 τοῦ
1059 3240 1174 3305 θεοῦι.
1210 3229 1292 3326 δρᾷς
1307 3241 1384 3315 πῶς
1398 3230 1466 3305 ἀπὸ
1483 3239 1557 3305 τῶν

249 3335 401 3424 ἐσχάτων
428 3331 542 3422 ἀνάγει
570 3328 588 3404 5
617 3331 699 3414 θεὸς
725 3339 780 3404 καὶ
802 3353 1034 3422 σωματοποιεῑ
1052 3333 1115 3417 τάς
1137 3340 1293 3423 νεφέλας·
1324 3334 1379 3404 διά
1401 3339 1506 3404 τοῦτο
1529 3339 1557 3404 εἰ

248 3430 444 3524 βουλόμεθα
473 3439 629 3520 γενέσθαι
662 3439 815 3519 νεφέλαι,
846 3427 900 3517 ἐφ’
928 3430 967 3514 ἀς
998 3430 1125 3519 φθάνει
1152 3429 1172 3523 ή
1199 3430 1344 3524 ἀλήθεια
1373 3439 1437 3504 τοῦ
1463 3439 1557 3516 θεοῦ,

197 3554 232 3610 30
250 3540 384 3623 ἔσχατοι
406 3530 550 3605 πάντων
572 3530 750 3619 γενώμεθα
770 3539 827 3602 καὶ
848 3535 995 3621 εἴπωμεν
1015 3533 1125 3620 ἐργοις
1145 3538 1202 3604 καὶ
1224 3539 1372 3604 διαθέσει
1387 3532 1428 3604 τὸ
1447 3538 1557 3604 »δοκῶ

248 3633 327 3724 γάρ,
359 3629 379 3705 5
409 3633 492 3715 θεὸς
524 3626 608 3722 ήμάς
637 3630 720 3714 τοῦς
750 3628 965 3715 ἀποστόλους
995 3628 1156 3721 ἐσχάτους
1185 3627 1385 3718 ἀπέδειξεν».
1426 3629 1491 3703 κάν
1511 3629 1557 3720 μή

250 3730 444 3815 ἀπόστολος
467 3723 506 3817 ῶ,
530 3733 636 3818 ἔξεστί
657 3759 714 3820 μοι
735 3735 893 3819 γενέσθαι
915 3727 1056 3820 ἐσχάτῳ,
1079 3734 1133 3801 ἳνα
1156 3725 1175 3803 δ
1197 3731 1279 3815 θεὸς
1301 3728 1441 3821 ἀνάγων
1463 3735 1558 3817 νεφέ-

165 3844 232 3898 2411
249 3842 309 3914 λας
328 3839 333 3921 l
352 3828 410 3902 ἀπ’
436 3829 598 3920 »ἐσχάτου
618 3837 679 3920 τῆς
703 3837 779 3920 γῆςι
805 3825 955 3919 ἀναγάγη
976 3858 1024 3920 με.

335 4005 350 4058 l
372 3999 460 4073 vgl.1
474 4001 543 4056 Κδα.
556 4003 596 4066 18,
613 4001 655 4056 44.
674 4031 704 4040 -
724 4000 743 4056 4
760 4001 814 4056 δοε.
827 4004 851 4069 5,
868 4005 892 4057 6.
910 4031 943 4040 -
960 4001 1014 4058 eff.
1032 4001 1253 4067 DeuI32,1-3.
1283 4001 1347 4070 Vgl.
1360 3999 1390 4054 in
1401 3999 1466 4054 Lev.
1477 3999 1558 4053 Hom.

250 4087 318 4154 152
336 4086 385 4155 (Lo
397 4088 422 4151 9,
434 4087 527 4152 430f.).
546 4116 578 4125 -
597 4085 634 4142 12
652 4085 706 4140 δεε.
719 4088 743 4152 1,
754 4086 780 4140 2.
799 4115 830 4124 -
851 4085 890 4142 14
907 4085 961 4141 Jes.
974 4087 999 4150 5,
1011 4089 1034 4142 6.
1054 4117 1087 4125 -
1107 4085 1143 4142 18
1160 4085 1248 4140 Mark.
1261 4087 1285 4148 9,
1298 4087 1339 4141 35.
1353 4113 1386 4124 -
1399 4084 1474 4140 Ῑθέέ.
1493 4083 1557 4152 Vgl.

249 4172 321 4228 Hier.
334 4170 440 4250 Cqmm.
452 4172 511 4226 913.
529 4201 562 4210 -
581 4171 618 4225 λθ
637 4170 725 4224 IKor.
737 4171 762 4237 4,
776 4169 799 4224 9.
818 4198 851 4207 -
870 4171 907 4226 λθ
924 4171 992 4224 Luk.
1003 4171 1029 4246 β,
1042 4171 1084 4226 20.
1102 4200 1135 4210 -
1154 4171 1191 4226 80
1206 4169 1294 4225 IKor.
1306 4172 1331 4236 4,
1344 4171 1369 4225 9.

334 4322 353 4377 8
372 4316 442 4378 ὅταν
460 4317 563 4387 ἀναξία
575 4319 613 4374 Co
631 4335 695 4372 τυαε
712 4319 829 4387 ιἀιέιηαα
840 4318 867 4372 Η
882 4323 886 4386 Ι
903 4319 921 4374 4
938 4318 1062 4390 τνγχάνη
1074 4363 1081 4378 .
1095 4359 1101 4374 .
1116 4359 1121 4371 .
1134 4359 1140 4371 .
1154 4316 1319 4388 ἐντελοῦμαι
1332 4318 1370 4373 Co
1382 4315 1487 4388 τυγχάν
1500 4315 1558 4386 [sie]

252 4445 257 4458 .
271 4445 277 4458 .
289 4445 316 4458 ..
335 4403 549 4474 ἐντελλοῦμαιθ
564 4405 568 4474 l
583 4404 629 4472 879
646 4401 675 4460 εἰ
679 4423 773 4472 -μου
790 4406 862 4459 nach
874 4404 912 4458 H:
933 4403 967 4458 Si
977 4420 1033 4458 αοα
1044 4406 1142 4473 suisset
1152 4405 1245 4472 αυδοε,
1263 4419 1416 4472 numquam
1427 4403 1557 4456 διωιὲεειλε

251 4489 444 4559 &metentur
460 4493 491 4544 ιιέ
505 4491 603 4558 pluvia
621 4489 700 4542 verba
715 4505 777 4542 ιαοα
791 4490 795 4556 Ι
812 4489 850 4544 18
869 4483 965 4560 ἔλεγεν
982 4488 1021 4560 δὲ]
1038 4495 1063 4544 ιλ
1080 4490 1179 4543 sciehat
1197 4489 1223 4543 H
1238 4489 1242 4556 I
1259 4490 1297 4544 22
1316 4484 1383 4555 ἐστι]
1403 4493 1435 4550 -I-
1447 4491 1559 4540 sanetus

252 4573 273 4626 Η
292 4575 356 4645 (ng.
374 4573 402 4676 Ζἑ
413 4577 439 4636 5)
463 4576 467 4641 Ι
490 4575 525 4630 27
546 4581 598 4630 τοῦ
613 4574 693 4644 θεοῦ]
712 4573 884 4628 οοιλοιτοπΗ
903 4575 908 4643 l
927 4573 965 4630 82
985 4570 1146 4638 ἀπόστολος
1163 4565 1198 4642 ὦ]
1216 4573 1272 4626 εἰπε
1289 4570 1427 4641 apostolus
1444 4571 1471 4625 Η
1488 4567 1557 4627 ἀπο·

253 4657 367 4724 στόλους
385 4678 410 4713 ω
428 4659 453 4714 S.
