3768 5544
630 481 750 538 Romilio
767 483 826 538 ΧΠ.
861 481 961 539 Jorem.
978 484 1019 548 13,
1038 483 1147 538 12-17.
1514 488 1553 550 91

241 644 317 716 υίὸν
338 643 508 732 κολάζεις,
536 641 616 718 ἄλλ’
638 649 694 717 ἰνα
715 665 790 728 τοῖς
810 641 934 728 πόνοις
956 642 1062 717 αῦτὸν
1084 649 1298 733 ἐπιστρέφης,
1321 637 1434 727 οῦτως
1455 649 1511 716 καὶ
1534 638 1553 714 ό

242 744 325 828 θεὸς
360 746 442 829 τοῦς
472 745 517 836 μὴ
547 750 818 836 ἐπιστρέφοντας
848 752 900 835 τῶ
932 741 1041 834 λόγῳ,
1075 746 1158 828 τοῦς
1187 745 1232 835 μὴ
1262 750 1553 834 θεραπευθέντας,

242 843 412 917 παιδεύσει
444 865 518 928 τοῖς
549 842 617 917 άπὸ
643 843 862 935 παθημάτων
887 841 1021 928 πόνοις.
1066 849 1121 917 ἐπὶ
1152 851 1286 938 παιδείᾳ
1311 841 1508 934 περιβάλλει
1534 840 1555 914 ά

241 941 438 1032 περιβάλλει
476 946 565 1018 κατὰ
598 946 641 1017 τό
679 951 869 1036 εἰρημένον·
912 945 986 1017 »διὰ
1020 944 1154 1028 παντός
1187 943 1288 1035 πόνῳ
1323 952 1380 1018 καί
1419 941 1555 1035 μάστιγι

207 1041 453 1134 5παιδευθήση
470 1042 710 1135 Ἱεροσοαλήμτ.
753 1042 799 1118 ἵν’
832 1038 895 1118 οῦν
926 1041 1053 1135 αῦξήση
1084 1041 1103 1116 ό
1134 1043 1307 1118 παιδεύων
1333 1041 1457 1128 πόνος,
1485 1048 1554 1116 δια·

242 1152 486 1234 σκορπίζονται
509 1150 542 1218 οἰ
563 1151 756 1228 πονοῦντες
778 1141 839 1218 ἄπ’
863 1142 1028 1235 άλλήλων
1050 1142 1099 1227 ῶς
1120 1145 1164 1234 μὴ
1187 1147 1274 1217 εἶναι
1295 1137 1362 1235 άμα
1381 1141 1483 1216 τόνδε
1497 1149 1553 1216 καί

241 1239 350 1314 τόνδε.
394 1243 513 1317 ἐλύετο
540 1245 604 1336 γὰρ
631 1241 673 1317 όν
700 1245 742 1317 τὸ
766 1244 920 1334 σφοδρόν
950 1251 1015 1316 τοῦ
1040 1241 1155 1318 πόνου
1174 1244 1230 1316 διά
1250 1252 1313 1335 τῆς
1334 1251 1554 1336 παραμυθίας

242 1341 319 1425 ἑνὸς
340 1341 486 1416 ἑκάστου
506 1343 594 1433 πρὸς
615 1344 680 1434 τήν
703 1341 772 1417 άπὸ
793 1350 858 1416 τοῦ
879 1345 1005 1432 ἐτέρου.

324 1455 353 1513 4.
384 1449 423 1514 Εἰ
453 1451 489 1517 δὲ
520 1451 572 1517 δεῖ
597 1456 802 1533 προσθεῖναι
831 1451 884 1534 τῷ
915 1440 1009 1534 λόγῳ
1039 1449 1095 1516 καὶ
1126 1443 1236 1534 άλλην
1263 1449 1376 1516 αἰτίαν
1398 1449 1462 1516 τοῦ
1484 1449 1553 1516 δια-

191 1555 225 1609 10
242 1551 494 1630 σκορπίζεσθαι,
516 1553 573 1616 καὶ
593 1551 701 1618 τοῦτο
722 1540 974 1635 παραθήσομαι.
1017 1551 1117 1616 κακοί
1138 1539 1303 1626 συνόντες
1326 1540 1489 1632 ἀλλήλοις
1509 1541 1554 1613 τά

241 1642 329 1713 κακά
355 1649 522 1716 σκοποῦσι
547 1652 604 1716 καί
630 1636 802 1730 αὔξουσιν,
830 1641 945 1731 ῶσπερ
972 1640 1099 1734 ἀγαθοὶ
1125 1638 1287 1725 συνόντες
1309 1641 1454 1732 άγαθοῑς
1476 1648 1553 1728 περὶ

243 1738 385 1829 ἀγαθῶν
400 1751 617 1816 σκέπτονται.
644 1749 719 1828 [καὶ]
735 1743 942 1815 καταλύεται
963 1735 1024 1815 οῦν
1039 1750 1095 1815 καὶ
1110 1748 1286 1832 διαιρεῖται
1300 1739 1321 1833 ἦ
1336 1742 1421 1831 κακὴ
1436 1738 1554 1829 βουλή,

156 1856 221 1912 259r
242 1839 402 1930 ἰσχύσασα
417 1839 459 1916 όν
476 1843 560 1933 μετὰ
575 1850 649 1915 τῶν
664 1837 804 1931 ὁμοίων,
820 1837 879 1915 ότε
895 1849 1195 1932 διασκορπίζονται
1213 1851 1219 1922 Ι
1237 1839 1327 1932 (ἀπ’)
1342 1839 1507 1933 άλλήλων
1522 1845 1555 1913 οί

241 1951 420 2031 μοχθηροί.
462 1943 517 2014 διὰ
543 1949 651 2015 τοῦτο
674 1949 850 2033 οἰκονομεῖ
868 1938 888 2014 ό
909 1942 993 2026 θεός
1014 1942 1058 2033 μή
1082 1943 1167 2015 εἰναι
1188 1939 1263 2032 μετ’
1287 1939 1450 2031 ἀλλήλων
1472 1941 1555 2024 τοῦς

192 2065 224 2116 15
242 2039 405 2127 φαύλους,
428 2039 515 2130 τάχα
536 2049 593 2114 καὶ
612 2039 729 2114 αῦτῶν
744 2049 918 2130 προνοῶν,
941 2048 997 2116 iva
1011 2042 1055 2133 μὴ
1071 2040 1261 2131 συναυξήση
1276 2039 1393 2114 αύτῶν
1408 2037 1429 2131 ἡ
1443 2049 1553 2116 κακία.

243 2136 331 2213 ἄλλά
359 2150 494 2232 μειωθῇ
525 2147 735 2232 διαλυομένη.
787 2149 897 2215 ταῦτα
928 2142 983 2214 διὰ
1011 2143 1053 2213 τὸ
1087 2148 1260 2230 »σκορπιῶ
1292 2139 1416 2224 αῦτοῦς
1445 2141 1554 2232 ἄνδρα

241 2249 297 2311 καὶ
327 2239 391 2312 τὸν
423 2237 572 2329 ἀδελφόν
603 2239 723 2328 αῦτοῦ,
754 2251 811 2315 καὶ
839 2243 922 2326 τοῦς
951 2249 1102 2330 πατέρας
1131 2238 1248 2314 αύτῶν
1273 2251 1330 2313 καὶ
1356 2242 1438 2326 τοῦς
1459 2240 1555 2324 υίοῦς

243 2336 360 2410 αῦτῶν
382 2344 437 2412 ἐπί
459 2341 501 2412 τὸ
524 2336 619 2426 αύτό,
640 2349 731 2431 λέγει
752 2341 898 2432 κύριοςτ.

328 2437 418 2512 »Οῦκ
453 2437 658 2531 ἐπιποθήσειν
694 2448 750 2514 καὶ
787 2439 828 2514 οῦ
866 2450 1023 2532 φείσομαι
1058 2451 1114 2513 καὶ
1151 2435 1213 2514 οῦκ
1249 2436 1452 2530 οἰκτειρήσω
1485 2436 1553 2512 άπὸ

191 2557 225 2613 20
242 2544 436 2628 διαφθορᾶς
466 2538 613 2614 αῦτῶνι.
660 2554 687 2613 5.
715 2560 789 2624 τοῖς
818 2541 992 2624 τοιούτοις
1023 2541 1140 2630 ῥητοῖς
1166 2544 1398 2626 ἐπιβαίνουσιν
1425 2541 1458 2612 οἰ
1485 2535 1553 2610 άπὸ

243 2646 316 2710 τῶν
346 2643 508 2728 αἱρέσεων
539 2649 711 2730 λέγοντες·
741 2635 823 2733 δρᾷς
853 2641 917 2713 τὸν
944 2639 1150 2730 δημιουργὸν
1176 2636 1247 2723 οίός
1273 2643 1360 2724 ἐστι;
1389 2638 1454 2710 τόν
1480 2645 1554 2708 τῶν

242 2747 435 2829 προφητῶν
465 2737 551 2810 θεὸν
582 2734 620 2822 ῦς
650 2762 767 2827 φησιν·
801 2737 861 2812 »οῦ
891 2748 1048 2830 φείσομαι
1078 2746 1134 2811 καί
1167 2736 1229 2810 οῦκ
1255 2735 1457 2827 οἰκτειρήσω
1485 2733 1553 2808 άπὸ

243 2843 436 2930 διαφθορᾶς
446 2836 599 2922 αῦτῶν«;
619 2846 695 2922 πῶς
705 2837 847 2912 δύναται
856 2831 959 2922 οῦτος
971 2842 1056 2911 εἰναι
1066 2835 1211 2929 άγαθός;
1228 2838 1287 2910 ἐὰν
1298 2843 1334 2910 δὲ
1343 2834 1438 2924 λάβω
1447 2833 1554 2923 παρά-

245 2945 361 3029 δειγμα
382 2939 446 3011 τὸν
468 2944 523 3011 ἐπὶ
544 2945 639 3028 καλῶ
662 2947 714 3028 τῶ
737 2946 844 3030 κοινῷ
861 2936 923 3012 οῦκ
938 2943 1176 3028 οἰκτειροῦντα
1192 2936 1355 3027 δικαστὴν
1369 2943 1426 3008 καί
1439 2943 1555 3017 καλῶς

191 3055 225 3110 25
245 3035 307 3111 οῦκ
333 3043 496 3110 ἐλεοῦντα
520 3035 657 3128 κριτήν,
685 3036 871 3128 δυνήσομαι
898 3035 966 3111 άπὸ
987 3044 1052 3110 τοῦ
1072 3043 1344 3128 παραδείγματος
1365 3056 1478 3108 πεῖσαι
1499 3027 1555 3105 ότι

243 3145 387 3212 πολλῶν
409 3135 608 3228 φειδόμενος
631 3133 673 3210 οῦ
694 3143 845 3224 φείδεται
863 3138 940 3222 ἑνός
963 3132 1092 3220 όθεός.
1129 3133 1281 3227 λήψομαι
1294 3141 1331 3207 δὲ
1344 3133 1555 3226 παράδειγμα

242 3244 298 3310 καί
328 3234 462 3326 ἰατρόν,
489 3237 620 3320 δεικνῦς
642 3229 698 3308 ότι
727 3234 925 3327 φειδόμενος
954 3243 1018 3309 τοῦ
1049 3231 1135 3310 ὅλου
1159 3237 1318 3326 σώματος
1340 3233 1382 3308 ού
1403 3240 1555 3323 φείδεται

242 3345 365 3428 μέλους
381 3333 465 3420 ἑνός.
509 3335 586 3409 οίον
608 3339 697 3408 ἔστω
718 3341 858 3426 δικαστῇ
879 3337 920 3409 τό
941 3345 1167 3426 προκείμενον
1188 3343 1306 3420 τοῦτο,
1329 3335 1394 3426 τήν
1416 3332 1555 3424 εἰρήνην

244 3442 483 3528 δημιουργήσαι
508 3445 565 3507 καὶ
589 3432 837 3508 κατασκευάσαι
863 3443 914 3526 τῷ
936 3433 998 3509 ὑπ’
1021 3434 1129 3510 αῦτὸν
1150 3439 1244 3510 ἔθνει
1264 3435 1309 3508 τά
1330 3441 1555 3525 συμφέροντα.

193 3550 226 3605 30
243 3543 532 3626 προσεληλυθέτω
562 3541 600 3608 δέ
627 3563 681 3619 τις
710 3532 966 3625 προσαγόμενος
996 3537 1121 3624 φονεῦς
1151 3533 1277 3626 ῶραῑος
1304 3534 1369 3624 τήν
1392 3527 1474 3622 ὄφιν
1498 3540 1554 3605 καὶ

326 3773 346 3828 ι
364 3772 463 3829 sorem.
475 3775 500 3842 6,
514 3775 537 3829 ι.
554 3801 588 3812 -
606 3773 729 3844 20v31.
747 3773 773 3828 ε.
786 3775 826 3838 15,
840 3774 865 3828 2.

330 3993 345 4047 1
366 3987 545 4064 ἐπιστρέφης]
565 3997 597 4054 ÷
615 3991 649 4044 σδ
671 3991 810 4044 errorem
828 4007 907 4059 ηαεηε
924 3989 1142 4046 incubuerim
1157 3991 1195 4059 42
1214 3989 1281 4056 τοῦς
1302 3993 1340 4060 μὴ
1361 3987 1527 4063 θεραπενθί
1545 4017 1554 4029 -

243 4075 303 4144 τας]
321 4083 355 4134 <
370 4073 394 4127 Η
409 4077 414 4144 Ι
429 4077 447 4131 θ
465 4073 654 4144 παθημάτων]
673 4073 746 4128 nach
758 4073 794 4128 H:
814 4075 952 4128 δοίστιίπιο
969 4077 1003 4142 (ei
1015 4076 1167 4143 ior-meniis)
1184 4074 1365 4144 μαθημάτων
1378 4076 1396 4130 S
1411 4077 1415 4142 Ι
1432 4074 1481 4140 844
1493 4069 1555 4128 ἐπεὶ

243 4157 455 4232 -περιβσίλλει]
473 4161 509 4213 αδ
525 4161 556 4213 id
572 4159 687 4214 retrahit
705 4159 776 4228 quod
797 4159 910 4226 summi
924 4159 947 4211 H
969 4161 971 4227 ί
993 4160 1012 4215 8
1030 4156 1076 4216 ἐπί
1093 4161 1206 4236 παιδείᾳ
1224 4161 1296 4216 nach
1313 4160 1476 4215 Lietzmann
1493 4151 1555 4212 ἐπεὶ
1629 4191 1632 4198 .

244 4245 357 4300 παιδεία
376 4245 393 4298 S
417 4246 422 4313 l
445 4241 552 4315 8πρδς
568 4243 628 4314 τὴν]
650 4245 718 4312 vig?
736 4243 815 4298 Βίεεε
837 4243 1089 4316 προσγενομένηςθ
1114 4243 1271 4299 Koetschau
1286 4246 1291 4314 Ι
1307 4247 1344 4301 11
1367 4238 1508 4310 αὔξουσιν]
1531 4245 1556 4295 et

244 4329 276 4382 in
290 4328 416 4398 pristim
433 4329 558 4397 nequitia
571 4333 784 4397 perseverantis,
807 4333 905 4397 ααφεπῖ
920 4335 1032 4398 peccata
1045 4327 1203 4398 φεοιαίίεΗ
1220 4329 1276 4396 312
1294 4325 1464 4385 καταλύεται
1483 4326 1556 4380 nach

244 4413 281 4468 H:
299 4413 470 4468 Dissolvitur
482 4415 531 4468 καί
543 4411 733 4469 καταλύονται
746 4413 763 4468 S
778 4413 783 4482 l
799 4414 837 4469 18
851 4405 900 4468 ἀπ’
912 4413 991 4468 Βίεεε
1004 4413 1160 4469 Κοείεοίιαα
1178 4414 1250 4468 nach
1268 4415 1294 4467 Z.
1313 4415 1330 4470 6
1345 4417 1350 4482 Ι
1364 4415 1400 4469 1ss
1419 4411 1555 4483 σκορπιῶ]

243 4505 267 4552 et
278 4499 434 4567 δίεφετφοπι
448 4497 473 4552 Η
492 4497 558 4568 (ng.
576 4499 602 4553 S.
614 4497 655 4564 90,
668 4499 694 4566 2)
711 4500 715 4564 1
731 4499 842 4554 20-28
860 4497 960 4552 Hierzu
974 4499 1081 4567 Fragm.
1091 4502 1124 4552 44
1141 4497 1169 4551 in
1187 4497 1219 4552 0:
1244 4496 1422 4570 Τδ-ἰατροί
1436 4498 1441 4566 Ι
1456 4495 1495 4550 22
1515 4491 1557 4564 ὃς]

244 4583 312 4651 quid
328 4581 362 4638 Η.
379 4585 384 4650 l
408 4583 445 4638 27
466 4581 565 4654 ἰατρόν
582 4581 626 4636 Hu
648 4581 750 4636 medici
765 4579 791 4634 H
809 4579 937 4654 ἰατρικὸν
958 4583 975 4637 S
999 4585 1003 4651 1
1026 4583 1109 4650 issia
1131 4581 1420 4655 την-συμφέροντα]
1439 4581 1554 4650 quietem

244 4667 351 4722 civitati
367 4672 391 4721 ei
405 4685 503 4736 μαοεοι
517 4667 600 4736 φωιίί,
618 4667 667 4720 oui
680 4665 826 4735 praesidii,
841 4667 983 4734 providere
995 4667 1027 4722 Η.
