3702 5540
367 457 487 514 Homilie
504 459 552 514 IV.
586 458 686 516 Jerem.
704 464 728 532 3,
746 465 837 520 6-11.
856 495 888 506 -
906 464 1026 520 Homilie
1043 464 1076 519 V.
1110 463 1208 520 Jerem.
1227 467 1251 532 3,
1269 466 1361 531 22-4,
1378 465 1403 519 8.
1497 471 1535 532 31

230 618 355 710 όμῶνι.
398 617 490 711 ἡμεῖς
516 620 580 712 γάρ
606 627 703 715 έομεν
735 631 767 698 οί
797 633 1058 740 πεπληρωμένοι
1088 624 1364 716 σοντριμμάτων,
1396 628 1538 708 ἕκαστος

232 725 321 794 εἴποι
343 718 396 805 ἀν,
419 727 448 793 εί
468 729 524 794 καὶ
546 730 609 796 νῦν
629 724 871 817 κεκαθάρισται
892 730 996 798 καὶ”
970 756 1062 798 ιαται
1084 723 1152 798 ἀπό
1173 732 1248 798 τῶν
1262 724 1536 816 συντριμμάτων·

234 813 335 910 »ἦμεν
357 819 419 910 γὰρ
440 829 497 893 καί
518 818 610 914 ἡμεῖς
626 821 787 911 ἀπειθεῖς,
811 823 961 916 ἀνόητοι,
982 824 1212 915 πλανῶμενοι,
1235 823 1454 909 δουλεύοντες
1468 829 1536 897 ἐπι-

230 929 367 1012 θυμίαις
388 928 444 993 καὶ
466 918 602 1012 ἡδοναῖς
623 934 767 1008 πολλαῖς
787 932 843 997 καί
864 933 1042 1009 ποικίλαις,
1065 929 1102 998 ἐν
1123 933 1223 1018 κακίᾳ
1244 932 1300 997 καὶ
1321 922 1447 1016 φθόνῳ
1468 922 1536 998 διό-

146 1039 213 1094 223v
229 1047 364 1110 γοντες,
396 1031 570 1111 στυγητοί,
600 1029 778 1114 μισοῦντες
806 1023 985 1116 ἀλλήλους·
1020 1020 1079 1098 ότε
1101 1021 1178 1096 δὲ“
1157 1055 1178 1114 η
1199 1021 1387 1116 χρηστότης
1412 1023 1537 1115 Ικαλῆ

231 1129 476 1208 φιλανθρωπία
498 1120 651 1292 ἐπεφάνη
672 1130 736 1196 τοῦ
757 1131 913 1214 σωτῆρος
935 1121 1032 1248 ῆμῶν
1053 1131 1152 1210 θεοῦ,
1175 1124 1228 1196 διὰ
1250 1131 1398 1214 λουτροῦ
1418 1138 1536 1215 παλιγ-

229 1228 378 1310 γενεσίας
400 1223 513 1310 έπέχεε
534 1222 598 1295 τὸν
620 1223 717 1296 ἔλεον
739 1221 845 1297 αῦτου
830 1221 950 1313 Ἠἐφ
930 1232 1043 1314 ημῦςι.
1079 1233 1230 1314 καίτοιγε
1244 1221 1380 1298 κάκεῖνο
1395 1224 1437 1296 τὸ
1454 1222 1536 1297 ἀπο·

230 1319 391 1392 στολικόν
412 1313 502 1408 ἅπαξ
521 1330 682 1413 μνησθεὶς
703 1331 913 1414 σαφέστερον
934 1322 1135 1414 πειράσομαι
1156 1331 1376 1414 παραστῆσαι.
1412 1320 1453 1396 οῦ
1474 1323 1537 1414 γὰρ

231 1425 373 1510 εἴρηκεν·
403 1411 488 1544 ῆμεν
517 1419 580 1511 γόρ
612 1450 697 1495 ποτε
729 1420 883 1513 ἀνόητοι,
916 1421 1079 1508 ἀπειθεῖς
1110 1420 1196 1497 ἀλλὰ
1221 1430 1371 1508 Παῦλος,
1402 1418 1421 1495 6
1453 1419 1534 1494 ἀπό-

180 1537 213 1592 10
230 1531 367 1605 στολος,
404 1513 423 1591 6
455 1517 522 1593 ἀπὸ
563 1528 627 1594 τοῦ
656 1519 797 1612 Ἰσραῆλ,
836 1518 855 1595 6
889 1521 993 1596 »κατὰ
1024 1525 1090 1614 τῆν
1125 1527 1163 1594 ἐν
1197 1519 1292 1614 νόμω
1320 1521 1537 1612 δικαιοσύνην

228 1615 410 1709 γενόμενος
436 1619 626 1710 ἄμεμπτος(
656 1630 754 1712 λέγει’
791 1615 891 1715 »ῆμεν
918 1623 991 1747 γὰρ
1006 1631 1062 1696 καὶ
1088 1619 1181 1715 ἡμεῖς
1206 1652 1292 1695 ποτε
1315 1621 1402 1711 (οῖ’
1382 1621 1450 1695 απὸ
1472 1629 1536 1694 τοῦ

228 1716 367 1810 Ἰσραὴλ)
394 1718 560 1805 ἀπειθεῖς,
588 1718 760 1812 6v6mon·
793 1719 865 1794 ἀλλ’
888 1719 929 1795 οῦ
949 1720 1057 1814 μόνον
1079 1721 1153 1794 οῖ’
1133 1720 1200 1794 απὸ
1223 1729 1296 1794 τῶν
1318 1721 1477 1795 ἐθνῶν’
1457 1718 1535 1794 ανό-

229 1847 306 1908 ητοι
327 1821 414 1909 ἦσαν
436 1817 514 1893 οῦδὲ
534 1816 635 1910 μόνοι
656 1818 732 1893 οί
712 1820 779 1894 από
801 1829 875 1894 τῶν
896 1826 1013 1896 ἐθνῶν
1035 1822 1186 1906 ἀπειθεῖς
1208 1819 1286 1894 οῦδὲ
1300 1819 1400 1912 μόνοι
1414 1826 1536 1895 ἐκεῖνοι

229 1915 438 2010 ἁμαρτωλοί,
460 1927 517 1991 καί
537 1916 630 2011 ῆμεῖς
653 1927 688 1992 δὲ
710 1922 801 1994 οί
764 1951 827 1995 τον
849 1918 956 2012 νόμον
978 1929 1207 2013 δεδιδαγμένοι
1228 1929 1382 1994 τοιοῦτοι
1403 1920 1535 2012 ἐτυγχά·

179 2033 211 2088 15
229 2047 332 2108 νομεν
353 2018 421 2106 πρὸ
444 2025 506 2108 τῆς
526 2029 713 2110 παρουσίας
727 2050 791 2093 τοο
776 2029 963 2111 ’Χριστοῦ
999 2015 1185 2112 λέγεται’
1145 2050 1208 2093 ουν
1221 2021 1306 2113 μετὰ
1321 2052 1365 2094 τα
1351 2022 1536 2113 εἰρημένα

229 2125 280 2208 τῷ
296 2115 422 2207 Ἰσραῆλ
443 2118 530 2207 πρὸς
551 2115 637 2209 ῆμᾶς
658 2121 741 2205 τοῦς
763 2121 831 2193 ἀπὸ
853 2129 927 2194 τῶν
944 2127 1071 2194 ἐθνῶν·
1097 2120 1355 2213 »ἐπιστράφητε
1377 2125 1445 2195 υίολ
1466 2126 1536 2194 ἐπι·

229 2225 448 2309 στρέφοντες,
466 2226 523 2290 καί
544 2217 679 2310 ίάσομαι
700 2221 745 2292 τὰ
766 2231 997 2312 συντρίμματα
1017 2219 1142 2312 ῦμῶνι.

312 2331 340 2391 2.
362 2314 450 2389 Ἀλλ’
473 2323 543 2407 ἐρεῖ
567 2344 631 2403 τις·
660 2326 769 2392 ταῦτα
794 2324 923 2412 είρηται
949 2319 1035 2412 πρὸς
1060 2321 1124 2394 τὸν
1149 2317 1288 2413 Ἰσραήλ,
1321 2321 1361 2392 σύ
1387 2326 1423 2391 δὲ
1449 2315 1535 2392 αῦτὰ

229 2420 335 2500 ἕλκεις
360 2421 415 2489 ἐπὶ
444 2418 526 2501 τοῦς
553 2415 621 2492 ἀπὸ
648 2425 722 2490 τῶν
747 2424 871 2493 ἐθνῶν.
909 2428 1056 2511 θέλομεν
1076 2427 1290 2511 παραστῆσαι
1311 2414 1366 2493 ότι
1389 2417 1430 2492 οῦ
1450 2418 1535 2509 μετὰ

178 2537 213 2591 20
228 2515 355 2602 πολλά,
383 2513 460 2588 ἀλλ’
483 2515 599 2604 εὐθύς,
631 2512 721 2592 όπου
746 2518 903 2605 βούλεται
923 2522 1011 2611 πρὸς
1031 2520 1095 2594 τόν
1115 2519 1242 2612 Ἰσραῆλ
1263 2527 1372 2610 λέγειν
1393 2519 1436 2591 τὰ
1458 2527 1535 2609 περὶ

228 2621 449 2706 ἐπιστροφῆς,
480 2627 687 2708 προστίθησι
712 2619 753 2692 τό
780 2626 844 2691 τοῦ
868 2616 995 2711 Ἰσραὴλ
1022 2614 1138 2710 ὄνομα.
1181 2623 1255 2710 ἑξῆς
1281 2626 1364 2710 γοῦν
1390 2626 1559 2708 λέγεται·

231 2717 309 2789 »ἐὰν
323 2721 514 2807 έπιστραφῆ
529 2713 663 2808 Ἰσραῆλ,
680 2725 767 2808 λέγει
781 2717 906 2810 κῦριος,
921 2716 1007 2810 πρός
1021 2749 1070 2811 με,
1085 2727 1142 2793 καὶ
1156 2716 1456 2809 ἐπιστραφῆσεται·
1478 2725 1533 2790 καὶ

228 2816 287 2888 ἐὰν
310 2823 449 2906 περιέλη
474 2815 518 2888 τὰ
545 2816 753 2907 βδελῦγματα
774 2815 881 2891 αῦτοῦ
902 2823 939 2890 έκ
960 2825 1024 2891 τοῦ
1045 2817 1215 2909 στόματος
1237 2816 1356 2903 αῦτοῦ,
1387 2824 1443 2889 καὶ
1464 2814 1533 2889 ἀπό

227 2923 291 2988 τοῦ
315 2915 506 3007 προσώπου
530 2945 596 3005 μου
620 2915 805 3007 εῦλαβηθῆ,
835 2927 891 2990 καὶ
917 2914 1038 3008 όμόση·
1069 2928 1108 3009 ζῆ
1129 2917 1244 3010 κῦριος
1265 2917 1350 3007 μετὰ
1371 2914 1534 3006 ἀληθείας

177 3033 211 3087 25
227 3023 281 3089 καὶ
308 3021 345 3088 ἐν
365 3024 471 3105 κρίσει
491 3024 548 3088 καί
569 3021 606 3088 ἐν
628 3016 831 3104 δικαιοσύνη,
853 3025 909 3089 καὶ
931 3016 1171 3109 εῦλογήσουσιν
1186 3022 1223 3090 ἐν
1237 3015 1332 3108 αῦτῷ
1347 3021 1460 3108 έθνηι.
1488 3015 1532 3089 τό

227 3124 349 3208 πρῶτα
376 3125 496 3189 τοίνυν
517 3119 646 3206 είρηται
665 3117 753 3206 πρὸς
773 3118 855 3200 τοῦς
877 3115 945 3190 ἀπὸ
968 3125 1042 3189 τῶν
1063 3121 1190 3191 ἐθνῶν·
1220 3115 1279 3190 εἶτ’
1303 3121 1374 3189 ἐπεὶ
1395 3116 1468 3189 »ἐὰν
1489 3117 1530 3189 τὸ

227 3213 395 3306 πλήρωμα
421 3222 495 3287 τῶν
521 3220 638 3288 ἐθνῶν
660 3223 807 3306 είσέλθη,
838 3213 919 3288 τότε
940 3225 1007 3301 πᾶς
1028 3215 1155 3308 Ἰσραῆλ
1171 3222 1183 3308 6
1199 3214 1416 3306 σωθῆσετακ,
1442 3215 1531 3288 κατὰ
1554 3233 1605 3288 149

227 3315 270 3387 τὰ
299 3321 455 3404 εἰρημένα
485 3315 578 3406 παρὰ
607 3323 659 3406 τῷ
691 3313 875 3407 ἀποστόλῳ
902 3319 940 3389 ἐν
970 3325 1012 3406 τῆ
1043 3314 1130 3407 πρός
1153 3313 1334 3408 Ῥωμαίους
1359 3321 1551 3406 ἐπιστολῆ..

227 3411 370 3504 πρόσχες
396 3423 475 3487 τίνα
496 3411 629 3504 τρόπον
651 3410 670 3486 6
691 3423 753 3507 μὲν
773 3416 855 3500 θεὸς
876 3423 1063 3506 προτρέπει
1085 3413 1170 3507 ἡμᾶς
1190 3421 1460 3507 ἐπιστρέφοντας
1480 3445 1532 3488 τε·

176 3529 211 3582 30
227 3523 326 3598 λείως
350 3519 573 3604 ἐπιστρέφειν,
596 3513 885 3606 ἐπαγγελλόμενος
907 3509 962 3587 ότι
983 3514 1043 3587 ἐὰν
1067 3521 1365 3606 »ἐπιστρέφοντεςι
1384 3521 1532 3605 ἐπιστρέ-

227 3635 346 3704 ψωμεν
372 3613 459 3703 πρὸς
485 3610 603 3700 αὐτόν,
635 3613 764 3688 ίάσεται
789 3612 886 3707 ἡμῶν
911 3613 965 3687 διὰ
987 3613 1092 3706 Ἰησοῦ
1115 3621 1265 3706 Χριστοῦ
1296 3614 1355 3686 »τὰ
1378 3623 1532 3705 συντρίμ-

141 3731 207 3785 224¹
226 3737 348 3802 ματα«’
379 3709 471 3803 ῆμεῖς
497 3719 533 3784 δε
555 3711 828 3805 ἀποκρινόμενοι,
851 3721 884 3789 οί
904 3715 949 3806 μῆ
970 3722 1153 3806 μέλλοντες
1174 3720 1256 3805 μηδὲ
1278 3719 1283 3805 Ι
1306 3713 1532 3805 βραδύνοντες

227 3818 304 3900 περὶ
324 3819 386 3902 τῆς
408 3821 579 3903 σωτηρίας
601 3810 650 3898 ῶς
670 3817 798 3898 ἐκεῖνος
821 3809 840 3886 6
862 3811 998 3905 Ἱσραῆλ,
1020 3822 1142 3905 φαμέν
1168 3818 1256 3888 »οἵδε
1278 3810 1370 3904 ἡμεῖς
1385 3811 1532 3904 ἐσόμεθά

228 3934 310 3982 σοιι.
352 3907 372 3983 ό
393 3919 454 4002 μὲν
476 3912 559 3997 θεὸς
580 3913 685 3985 εἶπεν·
710 3911 966 4005 »ἐπιστράφητε
988 3918 1054 3988 υίοὶ
1076 3920 1349 4005 ἐπιστρέφοντες,
1371 3921 1427 3986 καί
1441 3910 1531 3986 ίάσο-

311 4148 413 4220 ουρ.
424 4149 478 4204 Tit.
492 4153 516 4214 3,
532 4151 607 4206 3-6.
626 4180 658 4190 -
679 4149 721 4208 τι.
741 4149 804 4222 Vgl.
817 4149 896 4208 nom.
914 4153 938 4220 5,
956 4157 973 4208 4
990 4151 1026 4222 (s.
1045 4155 1085 4220 οι,
1103 4154 1155 4220 εε).
1174 4183 1206 4194 -
1224 4152 1243 4207 ε
1261 4151 1325 4222 Vgl.
1343 4151 1396 4205 ιιι
1414 4151 1439 4214 ε,
1454 4151 1479 4204 ε.
1497 4179 1530 4189 -

227 4232 386 4374 Εςιῖῧοαέἓ,
404 4237 428 4301 1,
447 4235 482 4290 ιε
504 4265 537 4274 -
561 4235 600 4292 10
618 4233 682 4305 ιρι
697 4235 768 4290 Phil.
786 4237 810 4303 ε,
829 4239 853 4293 ε.
871 4238 895 4292 ο.
918 4266 951 4276 -
973 4238 1006 4293 11
1024 4237 1087 4308 VgL
1106 4237 1159 4292 οι.
1177 4237 1201 4303 3,
1220 4239 1295 4292 3.-
1313 4235 1352 4291 εο
1371 4234 1434 4304 vgl.
1452 4233 1530 4287 οοω.

309 4539 328 4594 6
346 4539 407 4608 τοῦ]
425 4545 457 4604 -ί-
472 4541 570 4612 κυρίου
587 4541 673 4597 καίῦ
688 4543 692 4608 ί
709 4543 744 4598 19
762 4539 796 4598 οὐ
812 4540 885 4612 μετὰ
903 4543 948 4597 Ηο
966 4541 1000 4600 οδ
1017 4537 1079 4611 μετ’
1097 4539 1131 4598 οὐ
1146 4543 1163 4597 S
1178 4544 1183 4610 Ι
1198 4535 1251 4598 εἶτ’
1270 4537 1332 4597 ἐπεὶ
1349 4537 1400 4597 ἐὰν
1418 4539 1529 4593 lileken·

224 4623 286 4676 hafn
302 4641 335 4678 w.
348 4640 371 4677 ο.
384 4625 440 4678 soh.
459 4618 519 4680 εἶτα
538 4626 628 4696 (λέγει
646 4623 718 4699 πρὸς
734 4625 785 4682 τὸν
797 4621 925 4700 Ἰσραήλ)
945 4625 1006 4684 ἐπεί
1017 4625 1068 4683 ἐὰν
1080 4627 1157 4682 Βίωιε
1170 4621 1224 4682 εἶτ’
1236 4622 1348 4682 ἐπειδὰν
1361 4624 1531 4680 Ιιὶείαωοοο.
