3694 5542
290 475 358 540 ’148
741 469 880 541 On'genea'
897 470 1160 527 Jeremiahomilien.

297 631 360 722 γὰρ
393 623 439 722 τῷ
466 627 580 724 μέτρῳ
606 631 756 722 μετρεῖτε
778 631 1028 724 μετρηθήσεται
1049 630 1157 724 ύμῖνι,
1201 639 1309 718 αἰτιος
1329 637 1468 717 ἕκαστος
1490 635 1600 727 ἐαυτῷ
1621 663 1641 694 ·-’
1672 661 1683 712 ζ,

297 737 367 804 ἐστι
390 739 454 805 τοῦ
472 739 652 832 γραφῆναι.
695 740 724 805 εἰ
745 735 892 824 <τὰ>ἐπὶ
914 740 975 824 γῆς
997 745 1115 824 ζητεῖς,
1140 731 1182 807 ού
1200 745 1307 825 ζητεῖς
1321 733 1365 805 τὰ
1380 731 1531 825 σύρόνια.’
1573 744 1602 808 εἰ

297 838 433 903 νένευκέ
445 856 508 904 σου
522 831 542 924 ῆ
557 833 646 924 ψυχὴ
661 839 737 922 περί
752 833 796 905 τὰ
811 831 891 923 τῆθὲ
905 832 1095 922 πράγματα,
1114 834 1154 905 σύ
1167 837 1298 924 σεαυτῷ
1315 838 1422 918 αἰτιος
1437 843 1521 924 γίνη,
1537 843 1601 908 τοῦ

296 927 401 1020 Ἰησοῦ
422 937 597 1022 λέγοντος·
622 932 683 1023 »μὴ
705 941 925 1020 θησαυρίζετε
946 930 1023 1022 ύμῖν
1045 933 1238 1022 θησαυρούς
1259 937 1315 1006 ἐπὶ
1336 939 1397 1023 τῆς
1419 940 1488 1024 γῆς,
1511 929 1600 1008 όπου

262 1025 356 1121 ου’ῆς
377 1039 432 1103 καὶ
458 1042 580 1120 βρῶσις
606 1029 819 1120 ἀφανίζουσι,
847 1040 904 1103 καί
930 1026 1019 1106 ὅπου
1044 1039 1188 1105 κλέπται
1216 1032 1426 1124 διορύσσουσι
1451 1042 1506 1106 καί
1528 1039 1600 1106 κλέ-

295 1154 455 1202 πτουσιν·
476 1129 564 1205 όλλόι
586 1140 804 1222 θησαυρίζετε
818 1128 896 1220 ύμῖν
910 1129 1104 1222 θησαυρούς
1118 1135 1155 1203 ἐν
1170 1129 1355 1220 οῦρανοῖςτ.
1388 1133 1599 1222 θησαυρίζεις

294 1234 331 1300 ἐν
354 1228 506 1323 οῦρανῷ,·
533 1239 649 1322 σαυτῷ
676 1235 784 1314 αἰτιος
811 1232 842 1301 εἰ
862 1238 925 1302 τοῦ
946 1231 987 1304 τό
1010 1225 1119 1318 ὄνομό
1141 1254 1202 1302 σου
1224 1230 1451 1321 ἐγγράφεσθαι
1473 1238 1510 1305 ἐν
1526 1255 1599 1319 τοῖς

294 1327 458 1419 ούρανοῖς.
494 1337 605 1402 ταῦτα
626 1330 680 1403 διὰ
703 1330 743 1402 τό
768 1333 842 1402 »ἐπὶ
864 1337 925 1420 τῆς
946 1337 1007 1420 γῆς
1028 1330 1286 1422 γραφῆτωσανι.
1321 1339 1377 1402 καὶ
1399 1332 1464 1422 τῆν
1485 1339 1598 1406 αἰτίαν

293 1434 394 1519 λέγει·
418 1425 490 1502 »ότι
512 1435 734 1520 ἐγκατέλιπον
755 1430 866 1520 πηγῆν
889 1437 977 1520 ζωῆς
998 1429 1062 1502 τόν
1082 1431 1228 1520 κύριοντ.
1272 1439 1326 1504 καί
1349 1437 1387 1504 ἐν
1407 1439 1450 1522 τῆ
1473 1429 1596 1523 όρχῆό

242 1547 276 1602 10
292 1525 394 1612 αύτὸς
425 1527 605 1619 προφήτης
634 1531 745 1618 ἔλεγεν
774 1535 812 1602 ἐκ
839 1530 1029 1617 προσώπου
1054 1537 1117 1602 τοῦ
1142 1537 1239 1603 θεοῦ·
1275 1536 1349 1621 »ἐμὲ
1375 1535 1597 1621 ἐγκατέλιπον

291 1627 405 1718 πηχῆν
426 1621 550 1732 ύόατος
572 1635 691 1720 ζωῆςι,
713 1637 769 1700 καὶ
787 1638 862 1700 νῦν·
887 1635 1126 1718 »ἐγκατέλιπον
1139 1631 1254 1720 πηγῆν
1270 1637 1359 1721 ζωῆς
1373 1629 1436 1702 τόν
1449 1632 1596 1722 κῦριονι.

291 1732 441 1818 εἰπωμεν
467 1731 529 1799 οῦν
555 1735 611 1800 καὶ
633 1725 738 1819 ἡμεῖς,
753 1733 858 1818 ἐἰπερ
880 1735 1027 1820 θέλομεν
1049 1729 1095 1819 μῆ
1116 1731 1353 1819 ἐγκαταλιπεῖν
1373 1731 1487 1821 πηγῆν
1509 1739 1596 1822 ζωῆς

291 1826 354 1898 τὸν
379 1825 510 1916 κύριον,
537 1826 603 1916 τῆν
628 1828 752 1919 φωνὴν
778 1835 852 1899 τῶν
877 1839 1028 1918 γνησίων
1049 1826 1152 1919 Ἰησοῦ
1173 1837 1356 1919 μαθητῶν,
1384 1827 1427 1920 ῆν
1448 1830 1594 1922 εἰρήκασι

289 1925 448 2015 πρόςτὸν
465 1924 667 2000 διδάσκαλον
682 1924 823 1999 εἰπόντα
838 1924 966 2012 αὐτοῖς’·
987 1928 1049 2019 »μῆ
1058 1935 1114 2000 καὶ
1123 1927 1214 2015 ύμεῖς
1225 1934 1344 1999 θέλετε
1352 1928 1593 2018 πορεύεσθαι«;

238 2046 271 2098 15
289 2032 324 2096 τί
338 2017 401 2098 οὖν
411 2029 575 2116 εἰπωμεν;
599 2025 718 2115 ικύριε,
733 2025 819 2116 πρὸς
833 2037 911 2099 τίνα
920 2025 1189 2116 όπελευοόμεθας
1210 2024 1343 2118 ὁῆματα
1354 2034 1444 2119 ζωῆς
1452 2035 1595 2103 αἰωνίου

288 2125 401 2213 ἐχειςι.
445 2124 568 2198 ἐνθάδε
591 2131 686 2216 ἐληξε
706 2135 763 2198 καί
786 2123 807 2215 ἦ
828 2125 1162 2216 όευτέραέπερικοπῆ.

316 2229 323 2240 “
371 2238 398 2295 5.
425 2227 511 2298 Είτα
536 2223 642 2299 πόλιν
668 2223 747 2317 εύχῆ
766 2229 865 2297 ,ἐστιν
891 2220 1004 2308 ούτως
1028 2229 1160 2314 ἔχοισα·
1193 2229 1299 2297 »ίασαί
1320 2254 1373 2315 με,
1404 2226 1507 2314 κύριε,
1537 2234 1591 2300 καί

202 2343 269 2398 2941
287 2321 480 2413 ἰαθῆσομαι·
503 2322 622 2396 σῶσόν
637 2354 690 2416 με,
712 2333 770 2397 καῖ
791 2321 1003 2414 σωθήσομαι,
1033 2319 1088 2398 ότι
1109 2323 1269 2415 καύΙχημό
1290 2352 1355 2414 μου
1377 2325 1417 2396 σύ
1438 2328 1475 2397 εἰ.
1505 2329 1591 2398 ,ἰδού

287 2419 385 2495 αύτσὶ
407 2420 538 2512 λέγουσι
558 2421 645 2513 πρός
665 2449 716 2515 με·
746 2431 815 2498 ποῦ
841 2429 933 2496 ἐστιν
956 2420 976 2497 ὁ
997 2423 1099 2514 λόγος
1119 2433 1251 2512 κυρίου;
1282 2427 1423 2497 ἐλθέτω.
1465 2427 1532 2514 ἐγῶ
1555 2432 1590 2497 δὲ

234 2539 269 2596 20
287 2520 348 2596 οῦκ
373 2527 537 2596 ἐκοπίασα
562 2531 834 2597 κατακολουθῶν
861 2520 970 2596 ὀπίσω
992 2549 1067 2605 σου,
1093 2531 1146 2595 καί
1168 2521 1295 2614 ἡμέραν
1316 2521 1506 2613 όνθρῶπου
1527 2521 1590 2596 ούκ

284 2621 487 2714 ἐπεθύμησα,
504 2624 762 2696 σῦέπίοτασακ.
790 2623 886 2714 μόνῳ
902 2631 953 2714 τῷ
969 2621 1152 2716 ἐληλυθότι
1167 2623 1221 2696 διὰ
1233 2623 1313 2708 τοῦς
1325 2633 1439 2706 κακῶς
1450 2629 1588 2714 ἔχοντας

284 2727 391 2814 ἰατρῷ
418 2732 472 2795 καὶ
498 2731 646 2813 λέγοντι·
676 2719 735 2796 »ού
760 2731 874 2812 χρείαν
899 2725 1031 2813 ἔχουσιν
1057 2727 1089 2796 οί
1115 2723 1288 2812 ἰσχύοντες
1313 2728 1433 2814 ἰατροῦ
1461 2720 1533 2795 ἀλλ’
1556 2728 1589 2796 οἰ

283 2831 396 2907 κακῶς
421 2825 573 2912 ἔχοντες(
604 2827 695 2896 ἐστιν
722 2827 827 2894 εἰπεῖν
851 2821 1118 2914 τεθαρρηκότως
1143 2820 1265 2895 πάντα
1287 2821 1350 2895 τόν
1376 2820 1588 2913 βουλόμενον

283 2929 538 3013 θεραπευθῆναι
561 2919 628 2994 όπό
651 2929 714 2994 τοῦ
735 2941 846 2994 νοσεῖν
865 2923 930 3013 τῆν
944 2923 1056 3013 ψυχὴν
1071 2919 1190 2994 αὐτοῦ·
1216 2927 1324 2993 »ἰασαί
1337 2951 1386 3012 με,
1408 2921 1509 3012 κύριε,
1532 2931 1587 2994 καί

231 3036 264 3090 25
282 3021 494 3112 ἰαθῆσομαιι.
546 3025 574 3094 εί
600 3027 637 3093 δέ
666 3049 717 3103 τις
748 3020 853 3105 ἄλλος
884 3021 975 3112 παρὰ
1002 3029 1130 3096 τοῦτον
1156 3027 1395 3111 ἐπαγγέλλεται
1421 3021 1486 3112 τῆν
1511 3029 1586 3094 τῶν

281 3129 401 3210 ψυχῶν
426 3119 595 3212 ἰατρικήν,
622 3117 684 3192 οῦκ
711 3119 754 3192 ἂν
780 3129 890 3208 λέγοις
913 3128 1031 3214 ἐκείνῳ
1055 3118 1249 3211 όληθεύων·
1279 3125 1385 3192 »ἴασαί
1405 3150 1459 3220 με,
1485 3121 1585 3210 κύριε,

280 3229 336 3291 καί
357 3219 569 3311 ἰαθῆσομαιι.
606 3229 662 3292 καὶ
684 3219 746 3309 γὰρ
768 3219 912 3312 ἐκείνηῆ
932 3225 1194 3310 ιαὶμορροοῦσαι
1220 3217 1407 3308 ἐδαπάνησε
1432 3219 1492 3292 »τὰ
1506 3216 1585 3310 παρ’

281 3317 385 3410 αότῆς
403 3318 534 3393 πόνται
560 3325 606 3403 εἰς
627 3319 708 3402 τοῦς
729 3319 875 3407 ἰατρούς,
897 3329 952 3406 καί
978 3317 1058 3392 »οῦκ
1079 3325 1210 3408 ἴσχυσεν
1232 3315 1288 3390 ὑπ’
1310 3316 1448 3402 οὐδενός
1470 3315 1586 3392 αύτῶν

365 3515 381 3569 l
400 3515 499 3569 Matth.
512 3517 535 3582 7,
548 3515 572 3568 2.
591 3545 624 3554 -
642 3513 660 3568 4
679 3513 778 3569 Matth.
791 3515 815 3577 6,
831 3517 871 3570 19,
883 3516 924 3572 20.
943 3546 975 3556 -
995 3517 1034 3571 10
1052 3515 1151 3570 Jerem.
1169 3515 1194 3580 2,
1212 3515 1254 3570 13.
1271 3543 1304 3553 -
1325 3514 1534 3578 14ἰο11.6,67.
1552 3544 1585 3555 -

281 3601 315 3655 15
338 3599 399 3654 Joh.
417 3601 441 3666 6,
459 3599 500 3655 68.
512 3629 542 3640 -
556 3600 634 3655 11111.
647 3598 710 3667 vgl.
724 3597 860 3668 chrysost.
874 3599 927 3666 (Gh
938 3601 972 3663 ΙΙ,
982 3603 1056 3668 454);
1075 3602 1134 3671 θεῷ
1152 3597 1233 3671 μόνῳ
1250 3605 1334 3654 τοῦτο
1347 3591 1423 3654 ἐστιν
1435 3597 1533 3656 εἰπεῖν.
1551 3629 1584 3639 -—

278 3682 317 3738 25
336 3683 436 3738 Matth
452 3684 524 3750 9,12
551 3685 639 3738 Mark.
652 3685 677 3746 2,
693 3687 732 3738 17.
749 3713 782 3723 -
801 3684 878 3741 m.
901 3684 964 3754 Vgl.
982 3685 1055 3739 Hier.
1068 3683 1170 3740 Comm.
1185 3683 1243 3738 962.
1261 3711 1294 3722 -
1313 3682 1376 3752 vgl.
1395 3683 1493 3738 Matth.
1506 3687 1530 3752 9,
1543 3685 1584 3740 20.

276 3797 309 3807 -
328 3767 391 3840 vgl.
411 3769 496 3824 mark.
515 3771 538 3834 ε,
557 3769 597 3824 26.
616 3797 650 3808 -
668 3767 705 3822 ιε
725 3766 785 3839 υςι.
804 3768 876 3822 nuk..
889 3773 914 3834 ε,
931 3771 974 3823 43.

289 3971 293 3978 ·
363 3944 378 3999 1
397 3943 536 4014 μετρεῖτε]
552 3943 644 4023 mangi
659 3947 723 3996 sunt
741 3942 767 3995 Η
789 3943 795 4010 Ι
816 3935 890 4010 ὑμῖν]
909 3941 949 3996 eis
967 3943 993 3997 Η
1015 3943 1020 4009 Ι
1044 3941 1062 3997 2
1085 3943 1238 4014 γραφῆναι]
1262 3948 1294 4007 ·Ι-
1310 3957 1392 4008 super
1414 3945 1515 3994 ίειτωα
1532 3941 1558 3996 Η
1577 3941 1581 4008 Ι

276 4024 474 4099 εἰ-οῦράνια]
492 4028 520 4080 εἰ
541 4027 584 4095 Ι-Ι-
595 4043 652 4080 αοα
670 4026 753 4095 vall.)
771 4026 893 4080 σοαίαείία
910 4025 1032 4096 requirat
1049 4027 1082 4081 ιἰε
1098 4029 1171 4080 terra
1188 4027 1214 4080 Η
1235 4027 1239 4093 Ι
1254 4025 1289 4082 τὰ
1308 4025 1387 4080 ΒῙοεε
1399 4025 1557 4082 Κοείεσίιυυ
1577 4027 1580 4094 Ι

276 4112 295 4169 θ
322 4111 471 4182 σῦ-γίνη]
492 4127 567 4180 ,quae
588 4111 713 4164 m'dentur
730 4111 836 4164 saeculo
854 4111 930 4165 ίωια.
955 4111 990 4165 Si
1005 4127 1066 4166 υονο
1083 4110 1199 4166 medam
1217 4111 1243 4165 H
1266 4112 1270 4178 Ι
1295 4111 1331 4166 11
1351 4104 1461 4178 ύδατος]
1480 4119 1514 4168 <
1531 4110 1556 4164 Η
1577 4112 1578 4141 ί

274 4197 334 4266 νῦν]
354 4204 386 4261 -Ι-
404 4197 472 4264 quia
490 4196 516 4250 Η
535 4199 539 4258 Ι
561 4194 600 4251 111
617 4195 749 4264 γνησίων]
766 4194 958 4262 μτοωίιαωτιια
974 4196 1019 4262 ΗΙ
1037 4195 1074 4252 15
1092 4194 1170 4266 κύριε
1189 4196 1260 4250 nach
1278 4196 1317 4250 H:
1339 4195 1456 4248 Domine
1473 4194 1522 4248 καί
1539 4192 1556 4246 S
1576 4204 1579 4229 ²
1642 4214 1653 4238 ι

275 4279 400 4349 αἰωνίου]
414 4290 447 4339 <
459 4281 486 4334 Η
503 4297 537 4334 w.
550 4297 572 4334 ο.
587 4281 643 4335 soh.
657 4279 787 4359 lssl-S·
806 4282 863 4338 149.
880 4280 913 4335 25
939 4279 1039 4334 Hieran
1056 4279 1165 4350 θηρῶ.
1182 4281 1216 4335 69
1233 4280 1263 4333 in
1280 4279 1312 4334 0:
1347 4271 1555 4350 Οὖκ-’ίσραὴλ
1576 4281 1578 4309 ¹

274 4383 313 4438 22
331 4383 389 4450 καί]
403 4379 473 4441 <Η
489 4382 493 4448 Ι
509 4381 548 4438 ίίθ
565 4375 651 4450 ἐστιν]
671 4368 687 4434 ί
706 4383 748 4444 (=
761 4373 837 4434 ἐστιν
849 4381 904 4450 vgl.
917 4381 964 4435 TU
976 4379 1022 4434 NF
1034 4381 1054 4447 1,
1067 4381 1091 4448 3,
1104 4381 1147 4448 31)
1160 4380 1178 4435 S
1189 4379 1441 4450 (ῶίοσασυωΙεείΗ
1456 4380 1460 4446 Ι
1475 4377 1578 4446 πάντα]

273 4467 340 4526 <H
356 4472 360 4530 Ι
376 4464 485 4521 211-27
500 4453 776 4534 εἰ-ἰαθῆσαμαιΙ<
787 4465 813 4518 Η
828 4466 832 4532 Ι
849 4465 885 4520 27
901 4461 1098 4537 αἱμορροοῦσα
1109 4464 1168 4519 000
1179 4461 1386 4536 αἱμοροοῦσαὲ
1401 4464 1406 4532 Ι
1421 4461 1508 4530 ms
1520 4457 1578 4518 ἐδα-

273 4549 382 4618 πάνησε
392 4579 422 4608 -,
433 4543 537 4618 πάντα]
566 4565 674 4603 omnem
702 4549 886 4603 ειιίείαιιῖῶαι
918 4567 1000 4604 suam
1029 4549 1154 4618 ααμεικίίί
1183 4549 1208 4604 Η
1241 4547 1424 4617 κατηνάλωσε
1452 4549 1503 4616 τὴν
1534 4543 1579 4602 οὐ·
1645 4605 1651 4610 ,

273 4637 337 4692 οἷαν
357 4635 385 4689 G.
1199 4631 1208 4666 s
1365 4647 1366 4652 ’
1590 4645 1592 4650 ’
