3694 5542
358 497 418 558 242
753 486 893 556 Origenes'
912 487 1272 559 Klagelioderkommentar.

357 649 581 742 ποιήσαντος,
613 647 661 734 σός
692 655 775 742 μηδὲ
806 670 893 734 τοῖς
924 659 1086 741 νηπίοις
1117 647 1236 724 αύτῶν
1263 656 1361 725 ἔλεον
1381 659 1666 744 καταλειφθῆναι,

358 749 446 825 ἀλλὰ
472 758 729 844 πορευθῆναι
755 748 843 824 αύτὰ
870 753 912 823 ἐν
938 757 1189 844 αἰχμαλωσίᾳ
1215 751 1425 842 ἐλαυνόμενα
1446 749 1513 822 ύπό
1536 751 1668 834 παντὸς

359 858 422 926 τοῦ
443 861 671 938 θλίβοντος.

734 973 790 1042 Nr.
812 973 913 1041 XVII.
955 974 1079 1058 Klagel.
1094 973 1209 1040 Jorem.
1228 980 1254 1052 1,
1266 981 1294 1040 5.

324 1141 340 1194 5
440 1115 635 1212 Ἀρξάντων
658 1149 695 1193 τε
716 1126 773 1193 καὶ
795 1116 1065 1208 εύφρανθέντων
1087 1125 1138 1210 τῷ
1161 1118 1225 1191 τὸν
1251 1117 1398 1207 κύριον
1419 1119 1482 1191 διὰ
1505 1118 1551 1192 τὸ
1572 1127 1670 1210 πλῆ-

358 1231 435 1304 θος
462 1227 545 1293 τῶν
571 1217 909 1311 ἀσεβημάτωνείς
932 1227 1181 1290 ταπείνωσιν
1203 1223 1480 1308 παραδεδωκέναι
1503 1221 1584 1306 τούς
1607 1221 1668 1302 τὰς
1705 1261 1711 1270 ·

359 1323 396 1390 ἐν
418 1338 490 1402 τοῖς
511 1315 619 1410 όγίοις
641 1329 768 1411 λογίοις
791 1316 998 1409 συνθήκας
1019 1315 1107 1406 πρὸς
1129 1313 1236 1389 αύτόν
1257 1315 1299 1390 ού
1320 1317 1559 1410 τετηρηκότας.

713 1479 780 1592 ¹Nr.
802 1523 920 1591 xvffl.
962 1523 1086 1608 Klagel.
1101 1524 1216 1588 Jerem.
1235 1531 1259 1600 1,
1273 1529 1300 1591 6.

446 1669 489 1740 Τὰ
516 1677 578 1761 τῆς
605 1677 727 1756 λέξεως
750 1663 812 1760 όση
834 1669 973 1760 δύναμις
995 1664 1074 1760 ἡμίν
1095 1675 1334 1757 σαφηνιστέον,
1356 1666 1549 1757 ἐξετάζουσι
1570 1678 1622 1752 τίς
1644 1667 1665 1760 ἡ
1691 1688 1745 1744 326

308 1779 342 1832 10
359 1766 541 1859 θυγάτηρ
572 1768 695 1854 Σιοόν,
726 1777 783 1840 καὶ
812 1774 850 1841 ἐν
880 1777 949 1842 τίνι
976 1769 1096 1858 ἔχουσα
1123 1767 1188 1859 τῆν
1219 1765 1475 1858 εὐπρέπειαν,
1504 1779 1557 1852 τίς
1582 1797 1621 1842 τε
1648 1766 1668 1860 ἡ

361 1867 473 1960 νομῆ,
510 1866 554 1958 ῆν
590 1866 651 1941 ούκ
687 1873 819 1958 ἔχουσιν
855 1873 892 1941 σί
927 1867 1121 1958 ἄρχοντες
1150 1875 1212 1959 τῆς
1242 1867 1415 1959 θυγατρός
1444 1871 1542 1942 Σιών
1572 1875 1668 1962 δίκην

358 1973 485 2059 κριῶν
507 1962 737 2059 ἀπορούντων
764 1965 969 2060 βοσκῆσεως·
1001 1975 1057 2039 καὶ
1078 1974 1155 2050 πῶς
1176 1960 1273 2040 οὗτοι
1294 1973 1512 2059 ἐστερημένοι
1533 1969 1668 2058 ἰσχύος

358 2065 605 2156 πορεύονται
630 2067 732 2140 κατὰ
758 2066 980 2158 πρόσωπον
1002 2073 1074 2138 τοῦ
1096 2067 1330 2151 διώκοντος.
1373 2065 1546 2160 ἡγούμεθα
1568 2075 1604 2141 δέ
1626 2068 1668 2140 τὸ

358 2173 419 2255 μὲν
445 2159 526 2258 ὄρος
547 2169 646 2240 Σιών
667 2169 752 2240 είναι
772 2175 902 2259 μητέρα
923 2173 985 2258 τῆς
1007 2172 1045 2238 ἐν
1067 2163 1153 2255 αύτῆ
1175 2173 1371 2257 συναγωγῆς
1393 2167 1568 2259 θυγατρὸς
1588 2198 1668 2261 χρη-

309 2283 341 2334 Ισ
358 2265 559 2357 ματιζούσης
581 2274 643 2358 τῆς
664 2267 770 2354 Σιιόν,
793 2267 860 2358 τῆν
881 2274 917 2340 δέ
938 2264 1142 2356 εύπρέπειαν
1163 2272 1224 2356 τῆς
1244 2267 1449 2356 θυγατρός
1470 2271 1582 2342 Σιών
1603 2267 1668 2358 τῆν

358 2372 480 2456 κτῆσιν
509 2366 574 2458 τῆν
603 2373 639 2438 ἐν
666 2373 811 2450 πέπλοις
840 2364 958 2458 αὐτῆς,
988 2363 1064 2457 ῆτις
1089 2371 1206 2456 κτῆσις
1231 2369 1268 2436 ἐν
1296 2375 1348 2457 τῷ
1369 2374 1478 2458 καιρῷ
1501 2374 1562 2458 τῆς
1582 2395 1667 2457 προ·

359 2471 464 2556 νομῆς
500 2475 670 2557 ληφθεῖσα
704 2463 772 2538 ύπό
809 2476 883 2540 τῶν
918 2473 1093 2557 πολεμίων
1128 2469 1299 2556 ἐξῆλθεν
1333 2462 1402 2538 ἀπό
1433 2465 1579 2550 τούτων,
1616 2459 1669 2538 τόν

357 2561 483 2655 κόσμος
518 2559 570 2657 ῆν,
607 2572 786 2639 τουτέστιν
821 2571 1021 2657 ἐξεκομίσθη
1054 2571 1173 2654 (τοῦτο
1209 2565 1273 2655 γὰρ
1306 2565 1586 2656 ἐμφατικοότερον
1614 2574 1666 2658 τῷ

357 2669 530 2756 ἐξῆλθεν
566 2664 748 2757 οίνόμασε),
785 2667 867 2749 τούς
902 2671 938 2738 δέ
968 2662 1174 2755 ἡγουμένους
1204 2671 1265 2755 τῆς
1294 2671 1505 2755 συναγωγῆς,
1536 2665 1590 2737 διὰ
1624 2667 1666 2738 τὸ

305 2779 340 2834 20
358 2768 546 2836 ἐπικεῖσθαι
567 2766 648 2850 τούς
669 2775 852 2858 πολεμίους
873 2774 927 2837 καί
951 2769 1218 2854 αίχμαλωτίζειν,
1241 2760 1457 2854 ἀποροῦντας
1478 2772 1553 2836 τῶν
1567 2763 1667 2856 συνῆ-

357 2874 438 2934 θων
460 2859 661 2955 ιόμοιιόσθαι
683 2883 811 2954 κριοῖς
833 2863 901 2956 ούχ
922 2862 1150 2956 εύρίσκουσι
1172 2863 1339 2958 τροφήν.
1376 2862 1492 2953 ὥσπερ
1511 2872 1667 2954 μέντοιγε

356 2971 445 3055 κριοὶ
475 2964 694 3055 ἐλαυνόμενοι
727 2967 772 3057 μὴ
803 2971 991 3058 τραφέντες
1020 2961 1176 3049 ἀσθενῶς
1207 2965 1426 3056 πορεύονται,
1463 2971 1506 3053 τῇ
1536 2960 1666 3054 ἀνάγκη

358 3071 433 3135 τῶν
454 3063 716 3139 ἐπιδιωκόντων
737 3071 895 3148 εἴκοντες,
926 3060 1020 3138 ούτω
1044 3071 1079 3136 δέ
1100 3071 1156 3136 καί
1177 3069 1214 3136 οί
1241 3065 1436 3153 ἄρχοντες
1458 3061 1674 3154 αίχμόλωτοο

357 3162 545 3254 γενόμενοι,
572 3160 781 3256 ἀπαγόμενοι
808 3171 854 3250 είς
882 3164 946 3256 τῆν
972 3166 1090 3257 χώραν
1116 3171 1191 3235 τῶν
1216 3160 1553 3255 αἰχμαλωτισάντων,
1575 3169 1668 3236 ἐπο-

305 3275 338 3329 25
357 3262 529 3352 ρεύοντο
552 3261 624 3336 ούκ
646 3269 687 3336 ἐν
706 3265 813 3354 ίσχύι·
832 3261 908 3336 κατ’
930 3257 1012 3350 ὄψιν
1035 3269 1098 3337 τοῦ
1121 3265 1354 3345 διώκοντος.

739 3469 796 3537 Nr.
817 3469 900 3536 XIX.
942 3469 1065 3553 Klagel.
1081 3469 1197 3536 Jerem.
1216 3477 1240 3550 1,
1256 3477 1283 3536 6.

442 3610 534 3702 Πρός
555 3618 591 3686 δέ
613 3610 769 3687 διάνοιαν
790 3610 810 3705 ῆ
836 3612 950 3687 τοιάδε
971 3613 1060 3704 ψυχὴ
1083 3611 1270 3704 θυγάτηρ
1291 3619 1362 3684 ἐστὶ
1377 3613 1499 3684 Σιών·
1522 3612 1597 3684 οίον
1618 3611 1668 3694 ὥς

357 3709 514 3804 θυγάτηρ
544 3712 755 3804 δικαιοσύνης
786 3711 807 3805 ἡ
839 3721 950 3786 δικαία
975 3723 1031 3784 καὶ
1052 3719 1176 3785 τέκνον
1197 3721 1319 3800 σοφίας
1341 3707 1361 3800 ῆ
1383 3708 1488 3802 σοφῆ,
1516 3704 1609 3782 ούτω
1631 3719 1668 3784 δὲ

357 3817 442 3902 (ἐπεὶ
468 3813 566 3885 Σιοίν
595 3817 667 3884 ἐστι
696 3812 738 3884 τό
765 3811 1036 3903 Σκοπευτῆριον)
1068 3811 1088 3903 ἡ
1119 3812 1327 3902 σκοπευτικὴ
1357 3818 1412 3883 καὶ
1442 3817 1668 3901 θεωρητικῶς

305 3925 339 3979 30
357 3912 523 4004 διεξοδικῆ
557 3909 712 4003 θυγάτηρ
735 3913 832 3984 Σιών
862 3910 906 3982 όιν
934 3919 1079 4002 λέγοιτο.
1123 3909 1363 4002 εὐπρέπειαν
1392 3916 1428 3982 δέ
1458 3905 1581 3998 αύτῆς
1610 3919 1668 3982 καὶ

441 4083 460 4138 5
479 4081 544 4154 Vgl.
563 4083 671 4152 Klagel.
689 4084 788 4139 Jerem.
807 4085 859 4151 1,5
878 4081 938 4138 eod.
956 4081 1032 4148 Ome:
1055 4081 1100 4140 διὰ
1122 4081 1156 4139 τδ
1174 4085 1285 4151 πλῆθος
1301 4089 1358 4138 τῶν
1376 4077 1554 4138 ἀσυνθεσιῶν
1572 4078 1667 4150 αὐτῆς.

356 4198 388 4206 -
407 4165 485 4224 M.
511 4167 619 4238 Olymp.
637 4169 693 4238 (Gh
705 4169 755 4235 111,
772 4169 827 4237 26):
860 4165 933 4238 πρὸς
954 4165 984 4223 δέ
1006 4165 1142 4234 διάνοιαν,
1165 4167 1182 4238 ἡ
1200 4168 1362 4238 θεογνωσία
1379 4163 1425 4222 διὰ
1442 4168 1493 4235 τὴν
1510 4171 1560 4234 τῆς
1576 4160 1668 4236 ἁμαρ-

355 4253 417 4317 τίας
435 4249 595 4323 ἐπαγωγὴν.
613 4283 646 4292 -
664 4253 703 4309 20
722 4252 786 4323 vgl.
804 4252 830 4306 S.
848 4255 906 4320 241,
927 4256 950 4309 2.

441 4405 456 4457 Ι
480 4405 653 4473 ποιήσαντας
671 4420 687 4458 ο
707 4407 710 4466 Ι
730 4407 956 4472 καταλειφθῆναι
978 4407 1003 4457 0¹
1028 4406 1246 4474 καταληφθῆναι
1264 4401 1314 4456 ο*ο
1338 4402 1343 4470 Ι
1367 4402 1403 4456 19.
1426 4397 1612 4472 ἐστηρημένοι
1635 4401 1667 4455 cl

355 4507 390 4542 w.
402 4503 424 4542 ε.
438 4489 493 4544 soh.
506 4489 608 4544 ebenso
626 4487 788 4557 8.251,19Ι
804 4488 843 4544 14
861 4485 980 4562 μητέρα]
998 4489 1049 4558 τὴν
1067 4485 1338 4558 υΙσγηματιζούσης
1354 4503 1369 4540 ο
1384 4489 1388 4554 Ι
1406 4487 1441 4541 17
1462 4482 1531 4554 ἀπὸ]
1548 4481 1604 4540 ὑπὸ
1623 4503 1639 4540 0
1662 4489 1665 4543 Ι

357 4572 396 4627 18
422 4572 470 4642 τῷ]
488 4571 521 4627 τδ
539 4573 572 4627 Ιο
590 4573 594 4640 Ι
615 4572 655 4628 28
681 4569 799 4642 ἥκοντες
816 4589 831 4627 υ
850 4574 855 4637 Ι
875 4567 949 4629 οὕτω
967 4571 1005 4642 δέ]
1025 4566 1116 4637 οὕτως
1133 4587 1149 4625 υ
1167 4573 1171 4640 Ι
1192 4569 1232 4628 24
1255 4571 1401 4642 γινόμενοι
1426 4589 1442 4626 ο
1466 4570 1471 4637 Ι
1496 4569 1533 4626 25
1560 4565 1591 4626 ἐν
1613 4567 1668 4626 οὐκ

356 4655 445 4728 ἰσχύει
467 4675 483 4711 ο
503 4657 506 4724 Ι
527 4657 564 4713 27
589 4654 678 4730 Πρός]
696 4659 795 4714 vorher
811 4665 864 4714 τοῦ
881 4655 969 4715 αὐτοῦ
985 4655 1059 4714 κατὰ
1077 4653 1231 4727 ἀναγωγὴν
1249 4673 1292 4711 oo.
