3768 5544
643 515 763 572 Homih'e
774 515 847 570 XVI.
875 515 974 570 Jerom.
986 516 1028 582 16,
1041 515 1148 582 16-17,
1160 517 1184 570 1.
1510 520 1568 584 137

264 675 482 766 ποιήσαντες,
512 683 551 750 ἐν
577 674 754 768 ἁμαρτίαις
773 683 860 749 ποτὲ
885 675 1040 768 γεγόνασι
1065 686 1121 750 καὶ
1148 673 1216 750 ἀπὸ
1238 672 1415 767 άμαρτιοῦν
1436 682 1510 764 ,τῶν
1531 681 1568 748 ἐν

265 785 307 866 τῇ
322 773 478 865 θαλάσσῃ
492 773 709 869 ήλιεῦθησαν.
746 791 772 852 5.
799 774 840 848 ίν’
856 769 919 849 οὖν
936 777 981 867 μή
1003 773 1288 864 ὑπολαμβάνωσιν
1302 780 1334 848 οί
1353 772 1568 860 άλιευθέντες

263 883 320 948 καί
341 875 426 966 μετὰ
449 883 558 950 ταῦτα
580 885 626 960 είς
640 879 684 950 τά
706 871 768 967 όρη
783 873 955 961 ἐλθόντες,
978 872 1034 949 ότι
1049 881 1086 948 ἐκ
1100 875 1313 966 δικαιοσύνης
1329 873 1445 961 αῦτοῖς
1459 883 1567 949 ταῦτα

263 983 452 1067 γεγένηται,
478 975 723 1068 ῦπομιμνήσκει
749 973 790 1048 οῦ
810 973 922 1064 μόνον
945 980 1106 1061 ἐκείνους,
1132 972 1297 1048 ἀλλὰκαὶ
1319 973 1403 1068 ήμῦις
1425 972 1444 1048 ό
1466 975 1567 1066 λόγος

177 1091 244 1146 2887
262 1083 337 1148 τῶν
360 1087 365 1162 Ι
387 1083 579 1168 προΙΙτέρων
608 1073 868 1167 άμαρτημάτων.
910 1076 962 1149 διὸ
994 1082 1127 1167 λέγεται
1156 1075 1240 1164 μετὰ
1275 1074 1337 1157 τάς
1370 1071 1566 1166 εὐεργεσίας·
1586 1091 1622 1147 23

265 1182 339 1248 »καί
360 1173 423 1249 οῦκ
444 1176 565 1266 ἐκρύβη
579 1175 622 1248 τὰ
645 1173 834 1267 ἀδικήματα
849 1172 966 1248 αῦτιῦν
988 1171 1153 1248 ἀπέναντι
1168 1183 1241 1246 τοῦν
1257 1169 1451 1265 ὀφθαλμῶν
1472 1203 1565 1264 μουι.

349 1276 394 1348 Τὰ
416 1277 490 1366 ἑξῆς
510 1273 627 1363 ἀγῶνα
647 1281 759 1364 μέλλει
781 1272 859 1368 ήμῖν
880 1281 1039 1366 ἐμποιεῖν.
1074 1279 1141 1346 είτε
1162 1274 1227 1366 γάρ
1247 1282 1392 1363 νοοῦμεν
1407 1272 1472 1364 <ω“ς
1487 1270 1565 1346 ἀκό·

262 1380 400 1464 λουθαΙ,
417 1382 645 1466 φροντίσομεν
658 1381 825 1464 ἐπιμελῶς
839 1383 918 1467 περὶ
933 1381 994 1465 τῆς
1008 1370 1270 1459 ἀνταποδόσεως
1285 1383 1358 1448 τῶν
1372 1372 1565 1466 άμαρτημά-

261 1499 344 1546 των·
360 1479 428 1546 εἴτε
442 1482 535 1546 δοκεῖ
548 1471 611 1546 οῦκ
625 1469 801 1548 ἀκόλουθα
815 1475 901 1546 είναι
916 1493 989 1558 τοῖς
1003 1479 1335 1564 προαποδεδομένοις
1348 1481 1426 1565 περὶ
1435 1471 1563 1548 άλιευο-

210 1589 244 1642 10
260 1581 375 1665 μένων
395 1582 452 1646 καὶ
466 1579 717 1665 θηρευομένων,
738 1581 794 1645 καί
821 1567 933 1658 οὕτως
956 1580 1002 1658 είς
1023 1569 1141 1664 ἀγῶνα
1163 1569 1248 1664 ἡμᾶς
1269 1572 1424 1664 ἐμβάλλει
1446 1571 1487 1648 οῦ
1501 1575 1565 1647 τὸν

260 1671 418 1763 τυχόντα.
443 1681 516 1744 ικαὶ
531 1671 787 1747 ἀνταποδώσω(
799 1671 862 1762 γάρ
877 1698 958 1762 φησι
970 1681 1133 1762 »πρῶτον
1148 1680 1269 1756 διπλᾶς
1285 1673 1347 1758 τάς
1368 1670 1497 1758 ἀδικίας
1507 1671 1563 1746 αῦ-

260 1779 334 1845 τοῦν
355 1773 487 1858 καὶτὰς
502 1770 665 1865 άμαρτίας
680 1771 805 1859 αὐτῶν,
828 1769 881 1862 ἐφ’
897 1773 949 1857 αίς
964 1777 1187 1863 ἐβεβηλοῦσαν
1202 1774 1267 1864 τήν
1281 1779 1346 1863 γῆν
1360 1802 1425 1864 μου
1440 1779 1477 1846 ἐν
1492 1795 1564 1858 τοῖς

259 1882 474 1964 θνησιμαίοις
489 1881 565 1945 τῶν
578 1870 819 1964 βδελυγμάτων
833 1879 889 1944 καί
904 1879 941 1946 ἐν
955 1892 1030 1956 ταῖς
1044 1869 1197 1962 ἀνομίαις
1211 1869 1338 1959 αῦτοῦν,
1349 1875 1386 1945 ἐν
1401 1874 1453 1957 αίς
1463 1877 1563 1964 ἔπλη-

260 1997 323 2044 σαν
344 1972 409 2062 τήν
432 1981 661 2064 κληρονομίαν
681 2001 774 2062 μουι.
811 1970 852 2044 τό
877 1980 1055 2062 »πρῶτονι
1081 1977 1149 2044 είτε
1169 1971 1214 2061 μή
1235 1969 1420 2062 νοήσαντες
1434 1971 1564 2061 ἐξεῖλάν

208 2084 240 2138 15
258 2099 349 2154 τινες
363 2078 684 2163 τῶνγεγραμμένων
694 2077 762 2144 είτε
770 2080 827 2143 καί
836 2067 1121 2162 οίκονομήσαντες
1129 2074 1254 2158 ἐξελεῖν
1263 2076 1296 2144 σί
1303 2068 1563 2163 Ἑβδομήκοντα.

258 2170 339 2254 θεὸς
366 2167 409 2242 άν
435 2176 543 2261 είδείη.
586 2167 678 2262 ήμεῖς
699 2178 855 2261 μέντοιγε
876 2179 1114 2262 συγκρίνοντες
1140 2189 1214 2254 ταῖς
1236 2184 1371 2256 λοιπαῖς
1391 2171 1564 2246 ἐκδόσεσιν

258 2265 400 2361 εῦρομεν
433 2278 602 2361 κείμενον·
640 2278 713 2342 »καί
744 2268 982 2344 ἀνταποδώσω
1015 2277 1158 2359 πρῶτον
1189 2276 1311 2355 διπλᾶς
1340 2271 1403 2356 τάς
1434 2269 1563 2357 ἀδικίας

258 2367 409 2456 αῦτιῦνι,
441 2374 495 2441 ίνα
521 2377 664 2461 δηλωθῇ
691 2364 746 2442 ότι
773 2376 802 2442 εί
826 2379 883 2443 καὶ
909 2369 998 2458 ἄξιοι
1023 2369 1078 2442 διά
1105 2369 1148 2441 τά
1175 2368 1316 2460 δεύτερα
1342 2368 1458 2444 αῦταῦν
1483 2377 1561 2462 ἔργα

256 2465 508 2560 μακαριότητος
533 2473 614 2556 εἶεν,
645 2475 718 2543 ἐπεὶ
744 2471 928 2562 ἄνθρωποί
952 2476 1014 2542 είσι
1041 2475 1097 2540 καί
1123 2472 1160 2542 ἐν
1190 2465 1367 2561 άμαρτίαις
1397 2469 1560 2561 γεγόνασι,

205 2581 239 2636 20
256 2577 400 2660 πρῶτον
427 2577 477 2642 δεῖ
501 2566 687 2658 ἀπολαβεῖν
713 2568 836 2654 αῦτοῦς
862 2569 925 2653 τάς
950 2565 1113 2658 άμαρτίιις
1135 2565 1260 2641 αῦτοῦν.
1302 2576 1359 2642 καί
1380 2567 1444 2660 ὅρα
1465 2572 1560 2662 εἰμὴ

255 2665 275 2740 δ
297 2665 399 2759 λόγος
421 2673 512 2741 ἐστίν
534 2666 675 2760 ἀληθής.
715 2678 767 2754 τίς
789 2667 851 2742 οῦκ
877 2667 1094 2760 ἀπολήψεται
1120 2668 1182 2752 τὰς
1207 2663 1370 2758 ἀμαρτίας
1391 2665 1414 2761 ἢ
1436 2666 1455 2742 δ
1477 2671 1561 2761 μετὰ

138 2835 141 2844 .
255 2767 296 2840 τὸ
318 2775 494 2840 πιστεῦσαι
514 2775 569 2838 καὶ
592 2779 707 2855 λαβεῖν
729 2767 851 2856 ἄφεσιν
865 2765 1119 2860 ἁμαρτημάτων
1141 2765 1202 2852 (οῦς
1216 2765 1357 2842 ἀκοῦσαι
1379 2776 1442 2842 τοῦ
1455 2766 1560 2860 Ἰησοῦ

139 2887 145 2901 ·
254 2873 429 2956 λέγοντος·
455 2865 650 2955 »ἀφέωνταί
671 2891 725 2940 σοι
740 2872 773 2940 σί
788 2863 980 2959 άμαρτίαιιΙ
1002 2875 1121 2957 μηκέτι
1136 2864 1360 2959 άμαρτάνων;
1382 2874 1411 2939 εί
1425 2875 1461 2940 δίε
1474 2870 1559 2958 μετά

255 2966 319 3056 τήν
340 2966 462 3054 ἄφεσιν
484 2973 557 3038 τιῦν
578 2962 832 3058 άμαρτημάτων
857 2976 913 3039 καί
935 2967 1001 3057 τὴν
1027 2973 1224 3056 οἰκονομίαν
1246 2975 1309 3041 τοῦ
1330 2976 1477 3056 λουτροῦ
1498 2975 1559 3058 τῆς

167 3075 237 3132 2891
252 3074 506 3156 παλιγγενεσίας
532 3061 797 3158 άμαρτάνοιμεν,
829 3064 943 3156 ὥσπερ
969 3063 1061 3157 ἡμεῖς
1087 3069 1119 3139 οί
1144 3073 1280 3156 πολξλοί
1301 3072 1334 3140 οί
1356 3069 1401 3158 μή
1424 3080 1558 3140 τελειω-

253 3173 375 3248 θέντες
401 3163 450 3250 ιῦς
476 3170 509 3238 οί
535 3162 737 3248 ἀπόστολοι,
763 3164 848 3252 μετὰ
871 3165 912 3237 τό
935 3162 1140 3255 άμαρτάνειν
1162 3172 1197 3238 δὲ
1219 3175 1274 3238 καί
1296 3168 1359 3240 σὺν
1381 3175 1433 3258 τῷ
1456 3163 1557 3255 άμαρ·

253 3261 368 3336 τάνειν
389 3264 467 3337 τινά
489 3262 640 3348 δεόντως
661 3262 880 3356 πράττοιμεν,
903 3271 937 3336 τί
958 3264 1043 3356 ἡμᾶς
1064 3272 1244 3357 περιμένει,
1266 3275 1507 3355 κατανοητέον.

330 3356 411 3454 'Apa
436 3364 497 3435 ἐὰν
521 3370 715 3454 ἐξέλθωμεν
741 3362 805 3436 τόν
830 3371 905 3449 βίον
930 3365 1064 3454 ἔχοντες
1089 3360 1328 3458 άμαρτήματα,
1359 3369 1495 3455 ἔχοντες
1521 3373 1556 3439 δὲ

250 3471 305 3534 καί
327 3461 631 3555 άνδραγαθήματα,
663 3460 892 3554 σωθησόμεθα
912 3471 973 3554 μέν
996 3463 1051 3536 διά
1073 3465 1117 3538 τά
1139 3462 1441 3556 ἀνδραγαθήματα,
1473 3461 1556 3538 ἀπο-

199 3571 233 3627 30
250 3560 470 3654 λυθησόμεθα
500 3569 536 3634 δὲ
565 3569 642 3655 περί
672 3569 747 3636 τῶν
777 3568 814 3634 ἐν
843 3563 966 3652 γνοόσει
996 3561 1255 3656 ήμαρτημένων;
1289 3561 1312 3655 ἢ
1346 3563 1555 3656 κολασθησό-

250 3672 337 3752 μεθα
366 3670 428 3752 μὲν
457 3662 511 3734 διά
538 3661 581 3734 τά
610 3657 847 3753 άμαρτήματα,
878 3658 1026 3751 οῦδαμοῦ
1050 3669 1086 3734 δέ
1114 3663 1241 3755 μισθόν
1269 3661 1451 3756 ληψόμεθα
1482 3673 1556 3736 τοῦν

333 3901 397 3958 141.
419 3900 483 3971 Vgl.
506 3902 532 3956 d.
551 3901 687 3973 Hexapla:
711 3904 752 3986 ><
768 3897 802 3958 A'
809 3897 840 3958 θ’
857 3907 985 3972 πρῶτον
1003 3921 1030 3960 u.
1047 3901 1120 3958 Hier.
1133 3903 1237 3957 comm
1250 3905 1308 3960 955.
1335 3935 1368 3943 —
1395 3904 1436 3961 2⁸
1453 3906 1552 3961 Matth.

247 3987 271 4049 9,
284 3987 308 4040 2.
326 4013 360 4025 -
378 3984 442 4055 νςι.
460 3986 559 4051 ῖοιισ,
573 3990 605 4042 14
631 3988 710 4054 8,11.
728 4016 761 4026 -
779 3987 819 4044 ει
837 3986 901 4057 νει
919 3987 972 4043 εει.
984 3989 1009 4054 3,
1021 3991 1045 4044 5.

333 4188 348 4243 1
369 4187 439 4244 ποτὲ
456 4187 528 4242 nach
540 4187 578 4244 H:
597 4188 753 4257 Aliquando
764 4188 830 4244 τότε
846 4189 864 4243 S
879 4191 883 4257 Ι
899 4190 918 4246 8
937 4184 990 4260 ὅτι]
1004 4196 1037 4252 -Ιν
1048 4205 1105 4243 κοτε
1121 4207 1153 4244 τε
1168 4189 1362 4244 misericor-dm
1373 4191 1426 4243 Dei
1441 4191 1489 4244 ειιί
1504 4189 1529 4243 Η
1546 4191 1550 4257 Ι

249 4273 262 4327 7
277 4267 318 4337 λος
331 4269 478 4328 ἀκόλουθα
487 4271 729 4328 Ιάείκωωιοοααλι
738 4274 775 4328 H:
792 4291 824 4328 εα
833 4273 971 4329 cohaerere
979 4275 1167 4343 mpmbn'bm
1179 4274 1234 4346 vgl.
1247 4275 1273 4331 S.
1287 4276 1344 4340 123,
1358 4278 1372 4329 1
1390 4276 1393 4333 Ῐ
1408 4274 1550 4346 8φροντί-

245 4371 333 4424 σομεν
351 4355 389 4412 (λυ
407 4357 605 4428 φροντίσωμεν
625 4357 643 4412 S
659 4359 881 4426 pertimescimus
900 4359 927 4414 H
941 4359 978 4429 Ιθ
995 4354 1051 4415 εἴτε
1071 4359 1143 4414 nach
1159 4359 1197 4413 H:
1217 4359 1275 4413 είοε
1291 4358 1319 4415 εί
1333 4358 1363 4415 δὲ
1379 4360 1411 4426 S!
1438 4360 1474 4416 11
1493 4357 1550 4431 γάρ

244 4439 320 4510 φησι]
339 4439 400 4494 illis
417 4440 444 4494 Η
462 4442 467 4510 Ι
489 4441 528 4497 15
545 4447 603 4498 τῶν
621 4441 828 4513 γεγραμμένων
846 4443 879 4498 S*
895 4443 929 4500 τδ
949 4441 1149 4518 γεγραμμένον
1167 4443 1247 4498 θωπ·
1267 4446 1272 4512 Ι
1296 4439 1498 4518 ἐβδομήκοντα]
1517 4451 1549 4508 -Ι-

242 4524 316 4578 sieut
332 4529 357 4578 εί
373 4529 477 4579 caetera
493 4525 519 4580 Η
539 4527 543 4594 Ι
568 4526 607 4582 Ιδ
626 4524 709 4596 εἰδείη
727 4527 771 4582 Ηιι
789 4525 875 4598 οίδείη
896 4529 914 4583 S
937 4531 942 4596 Ι
966 4529 1167 4600 συγκρίνοντες
1188 4529 1266 4583 Βίεεε
1290 4531 1487 4602 συγκρίνοντες
1507 4529 1524 4584 S
1544 4588 1545 4596 ¹

244 4609 282 4664 10
303 4609 522 4682 μακαριότητος]
539 4617 572 4675 -Ι-
588 4611 643 4666 Dei
660 4611 687 4666 Η
706 4615 710 4680 Ι
730 4612 771 4669 28
793 4607 975 4685 ἁμαρτάνων]
994 4608 1141 4684 ἁμάρτανε
1158 4613 1176 4667 S
1195 4613 1200 4682 Ι
1219 4613 1257 4669 27
1276 4612 1449 4686 πράττοιμεν
1471 4612 1549 4668 Βλοεε

242 4694 400 4750 Κοεῖεοίιειι
418 4691 582 4766 πράττομεν
598 4697 616 4750 S
631 4699 636 4766 Ι
651 4697 688 4752 29
704 4693 951 4766 άπαλυθησδμεθα
969 4698 1014 4752 Ησ
1032 4693 1296 4766 άπαλλυθησδμεθα
1314 4699 1339 4754 S.
