3694 5542
523 489 574 544 Die
591 489 755 560 Fmgmente
772 507 821 544 uus
839 489 888 544 dor
904 490 1168 560 Prophetenkatene.
1438 495 1499 558 243

194 645 323 738 ἀξίωμα
355 659 389 721 τί
418 649 461 722 ἂν
491 649 577 723 ἀλλο
607 649 758 734 δεόντως
788 657 989 741 νομισαίμην
1018 647 1040 740 ἢ
1070 649 1134 722 τόν
1159 657 1315 723 πλοῦτον
1339 657 1413 722 τῶν
1439 657 1500 740 τῆς

195 745 358 838 ἀληθείας
388 750 472 840 μετὰ
503 759 625 838 σοφίας
656 757 927 842 τεθεωρημένων
956 745 1064 840 ἀγίων
1095 748 1291 841 δογμάτων;
1325 749 1412 822 ἐπδιν
1438 743 1500 822 σῦν

128 925 132 936 ¹
195 843 343 938 ἀμελήση
367 879 427 936 τις,
449 850 534 941 μετὰ
556 849 597 922 τό
619 847 810 941 κτήσασθαι
832 845 1033 942 εῦπρέπειαν
1054 858 1110 922 καὶ
1132 845 1272 940 ἀξίωμα,
1294 855 1356 940 τῆς
1371 879 1407 921 τε
1423 848 1500 922 τοῦ·

198 975 271 1019 των
294 955 438 1039 συνοχῆς
458 958 515 1021 καὶ
536 957 598 1040 τῆς
620 958 683 1023 τοῦ
704 948 857 1022 πλούτου
879 956 941 1022 τοῦ
963 957 1061 1021 θείου
1082 945 1262 1039 αὐξήσεως,
1284 943 1428 1041 ἀπορρεῖ
1446 956 1501 1019 καὶ

160 1059 177 1113 5
195 1051 362 1138 ἐξέρχεται
384 1049 426 1120 τά
448 1057 536 1134 τέως
554 1048 679 1138 κόσμος
695 1046 799 1141 αῦτής
815 1046 1037 1139 τυγχάνοντα.
1066 1048 1259 1138 ἄρχοντες
1280 1055 1316 1120 δέ
1332 1053 1364 1120 οί
1379 1045 1500 1140 ἡγησά-

194 1175 290 1236 μενοι
317 1154 380 1218 τοῦ
406 1147 513 1238 λόγου
539 1156 595 1221 καὶ
620 1146 930 1239 χειραγωγήσοντες
956 1155 1012 1220 ἐπὶ
1034 1148 1099 1240 τήν
1120 1153 1240 1238 κτῆσιν
1261 1154 1323 1239 τῆς
1344 1177 1501 1239 προειρη-

194 1252 295 1336 μένης
311 1243 519 1336 ευπρεπείας
542 1256 639 1338 δίκην
653 1255 792 1337 κριῶν,
815 1255 890 1320 τῶν
902 1246 1137 1338 ἡγησαμένων,
1151 1254 1214 1338 τῆς
1228 1255 1302 1320 τῶν
1316 1246 1503 1337 προβάτων

194 1353 339 1436 ποίμνης
362 1344 432 1438 οάχ
454 1344 729 1440 εῦρισκόντων
751 1346 886 1439 νομήν,
908 1351 947 1420 ἐν
961 1347 1083 1421 σπάνει
1096 1354 1309 1438 κατέστησαν
1322 1355 1378 1418 καὶ
1394 1343 1501 1432 αῦτοί,

195 1439 335 1531 ἀνέντες
364 1446 429 1537 τήν
457 1447 633 1538 προσοχὴν
658 1455 733 1519 τῶν
758 1454 958 1570 δυναμένων
985 1446 1109 1532 αὐτούς
1134 1477 1172 1520 τε
1194 1454 1250 1520 καὶ
1272 1447 1315 1519 τὰ
1336 1446 1500 1539 πρόβατα,

144 1553 177 1607 10
195 1540 237 1614 ἐν’
260 1538 373 1628 οῦτως
401 1551 500 1632 είπω,
535 1553 663 1619 πιᾶναι.
709 1547 763 1619 διὰ
792 1555 897 1620 τοῦτο
927 1543 1190 1638 ἀσθενήσαντες,
1218 1554 1502 1638 καταληφθέντες

193 1641 262 1716 ῦπδ
289 1651 352 1718 τοῦ
378 1607 616 1732 διωκόντος,
644 1641 737 1731 ὅστις
759 1651 851 1719 ἐστὶν
871 1642 1140 1768 >δάντίδιιξσς’
1118 1654 1218 1736 ημῶν
1239 1645 1455 1733 διάβολος,”
1439 1677 1500 1738 εμ-

194 1755 378 1833 προσθεν
400 1743 506 1818 αῦτοῦ
526 1745 775 1837 πορεύονται
796 1741 1059 1837 ἐλαυνόμενοι”
1040 1775 1108 1834 οπη
1131 1745 1295 1830 ἐκεῖνος
1274 1775 1369 1836 αγειν
1383 1750 1502 1819 ἐθέλει

194 1843 255 1914 ἐὰν
284 1851 438 1934 μέντοιγε
469 1843 490 1936 ἡ
520 1853 745 1937 προειρημένη
777 1843 933 1937 θυγάτηρ
964 1848 1062 1917 Σιών
1096 1850 1289 1936 ἐπιμέλειαν
1318 1843 1503 1936 ποιήσηται

195 1949 259 2014 τοῦ
293 1940 442 2028 κάλλους
478 1942 583 2035 αῦτής
613 1953 668 2016 καὶ
698 1953 759 2036 τῆς
790 1943 987 2037 εὐπρεπείας
1018 1942 1122 2036 αὐτῆς
1154 1952 1211 2017 καὶ
1240 1942 1409 2036 πρόνοιαν
1439 1951 1502 2017 τοῦ

144 2059 176 2112 1⁶
195 2053 419 2132 φρουρεῖσθαι
440 2043 481 2116 τό
504 2040 644 2136 ἀξίωμα,
668 2053 820 2134 φαυλίζει
841 2055 897 2118 καὶ
918 2053 1109 2137 μυκτηρίζει
1132 2044 1197 2116 τδν
1211 2052 1286 2116 τῶν
1298 2041 1480 2136 Ἀσσυρίων
1493 2050 1503 2136 ΙΙ
1521 2065 1571 2120 327

194 2147 346 2226 βασιλέα,
378 2139 426 2226 οός
455 2140 524 2216 ἀπὸ
554 2152 617 2217 τοῦ
638 2141 771 2217 Ἡσαΐου
798 2143 1038 2236 μεμαθήκαμεν
1061 2151 1236 2234 λέγοντος·
1269 2142 1448 2232 εέφαῦλισέ
1467 2169 1502 2217 σε

193 2247 250 2310 καί
271 2240 472 2333 ἐμυκτήρισέ
492 2267 528 2316 σε
549 2251 723 2332 παρθένος
743 2242 898 2335 θυγάτηρ
920 2246 1046 2316 Σιοόνι.

585 2497 642 2563 Nr.
664 2497 729 2566 XX
772 2498 895 2584 Klagel.
909 2498 1023 2564 Jorem
1041 2506 1066 2578 1,
1082 2505 1109 2564 7.

275 2651 308 2726 ‘O
334 2657 397 2746 γάρ
424 2655 690 2748 μιμνησκόμενος
718 2663 827 2750 ἐντῷ
857 2657 936 2731 τάδε
962 2658 1039 2730 τινὰ
1061 2655 1200 2746 πάσχειν
1222 2655 1263 2731 οῦ
1284 2665 1347 2731 τοῦ
1368 2665 1501 2752 ἐνεστη-

142 2771 176 2824 20
193 2755 296 2838 κότος
317 2782 599 2844 μιμνήσκεται,
624 2753 711 2831 ἀλλά
734 2765 796 2830 τοῦ
817 2753 1109 2850 παρεληλυθότος.

278 2863 342 2927 Καὶ
364 2853 436 2945 μετ’
458 2852 568 2947 δλίγα·

282 2962 424 3026 Τοιαῦτα
455 2955 723 3048 διαπορήσαντες
753 2961 789 3028 ἐν
821 2965 872 3046 τῷ
901 2952 999 3047 τόπῳ
1026 2963 1081 3027 καί
1108 2963 1290 3046 ζητοῦντες
1310 2952 1502 3048 ῦπόμνησιν

193 3062 468 3144 παρεληλυθυίας
499 3056 788 3140 ταπεινώσεως
815 3054 939 3148 αὐτῆς
965 3062 1029 3126 καὶ
1052 3051 1255 3144 ἀπωσμῶν
1278 3053 1412 3148 αὐτῆς,
1446 3058 1500 3128 διὰ

194 3151 235 3224 τό
266 3161 488 3226 πεπτωκέναι
518 3154 591 3228 τόν
620 3154 719 3228 λαόν
749 3153 871 3248 αὐτῆς
898 3163 953 3237 είς
979 3173 1113 3247 χεῖρας
1139 3163 1358 3239 θλίβοντος
1379 3165 1435 3228 καὶ
1457 3157 1500 3228 τὰ

142 3267 175 3322 25
193 3250 421 3345 ἐπιφερόμενα
460 3250 546 3344 αὐτῇ
582 3261 833 3345 συμβεβηκέναι,
864 3259 1114 3343 ἐπισκοποῦμεν
1143 3253 1187 3346 μή
1220 3254 1286 3345 ἀρα
1324 3253 1345 3344 ή
1375 3264 1501 3347 κυρίως

194 3362 399 3436 ταπείνωσις
430 3351 492 3426 οῦκ
526 3355 613 3446 άλλη
647 3364 699 3438 τίς
729 3359 822 3427 ἐστιν
858 3362 919 3447 τῆς
954 3351 1132 3445 ἁμαρτίας,
1168 3353 1284 3445 ὥσπερ
1318 3351 1450 3444 ῦφωσις
1480 3353 1501 3446 ἦ

193 3451 421 3544 κατόρθωσις,
443 3461 498 3526 καὶ
521 3450 684 3545 ἀπωσμὸς
706 3451 844 3539 οῦδενός
866 3461 1087 3546 ἐνεργοῦντος
1108 3462 1238 3545 γίνεται
1258 3449 1281 3544 ἢ
1300 3460 1361 3545 τῆς
1375 3465 1501 3546 μοχθη-

195 3558 255 3640 ρᾶς
289 3550 461 3643 πράξεως·
489 3554 591 3645 ίκανή
626 3555 688 3645 γάρ
720 3547 805 3644 αῦτη
836 3550 1040 3626 ἀπώσασθαι
1071 3549 1140 3626 ἀπὸ
1170 3560 1255 3626 θεοῦ
1288 3562 1344 3625 καὶ
1370 3555 1502 3640 παντὸς

194 3657 257 3722 τοῦ
292 3653 380 3722 κατὰ
417 3652 521 3741 φῦσιν
555 3662 749 3728 καλλίστου.
797 3647 856 3726 ότε
886 3662 1004 3726 τοίνυν
1033 3653 1204 3744 μεθῦουσα
1233 3649 1254 3744 ἦ
1281 3649 1501 3745 Ἰερουσαλήμ,

143 3761 177 3816 30
195 3757 374 3822 τουτέστιν
400 3756 432 3823 ολ
457 3760 701 3836 κατοικοῦντες
724 3749 844 3843 αότήν,
872 3762 927 3824 καὶ
949 3762 1142 3844 έξεστηκυία
1165 3749 1233 3826 ἀπὸ
1256 3758 1318 3843 τῆς
1339 3748 1503 3845 ἀμαρτίας

194 3851 424 3934 ἐταπεινοῦτο,
456 3847 518 3923 οῦκ
544 3850 680 3944 ἐφήσθη
706 3871 778 3937 τοῖς
803 3862 1020 3944 πταίσμασιν·
1052 3847 1109 3926 ότε
1137 3858 1172 3924 δέ
1198 3857 1232 3924 αἱ
1259 3848 1504 3936 ἀνταποδόσεις

194 3942 298 4037 αῦτής
319 3948 504 4039 ἐληλύθασι
527 3951 580 4022 διὰ
602 3958 666 4023 τοῦ
691 3951 764 4023 τὸν
785 3953 885 4025 λαὸν
906 3947 1028 4042 αὐτῆς
1050 3958 1269 4023 πεπτωκέναι
1292 3957 1347 4034 είς
1367 3970 1503 4042 χεῖρας

278 4142 334 4198 ῦίί.
357 4143 420 4214 Vgl.
440 4143 547 4215 olymp.
566 4147 601 4214 (ε.
615 4164 638 4201 π
652 4145 705 4216 0.);
729 4143 758 4202 οἱ
779 4149 970 4203 διδασκαλικοὶ
987 4147 1090 4219 τρόποι
1109 4143 1159 4216 οὐχ
1177 4139 1338 4218 εὑρίσκουσι
1353 4149 1452 4216 νομήν.
1471 4177 1504 4186 -

196 4224 233 4280 11
254 4225 317 4296 vgl.
335 4227 419 4284 ΙΡεί.
438 4233 462 4292 5,
479 4231 504 4285 βε
523 4260 555 4268 -
576 4231 613 4287 1⁸
629 4230 684 4286 ίεε.
701 4233 743 4292 37,
762 4231 803 4286 22.

281 4392 297 4448 1
321 4395 506 4464 νοξησαίμην
524 4413 540 4449 ο
559 4399 562 4464 Ι
586 4396 654 4468 τῶν]
671 4395 757 4453 τδνο
779 4399 784 4466 Ι
807 4398 826 4454 θ
850 4395 962 4466 ἀξίωμα
980 4400 1029 4453 καλ
1046 4395 1217 4471 εὐπρέπειαν
1234 4414 1250 4452 ο
1272 4396 1331 4464 112
1351 4393 1446 4454 ἐθέλοι
1464 4414 1480 4451 ο

196 4475 235 4534 15
261 4477 328 4546 τῶν]
347 4486 381 4537 <
399 4479 437 4547 cl
459 4478 496 4536 1⁰
518 4478 554 4536 τὰ
573 4483 619 4544 δεῇ
630 4479 676 4538 ινδ
699 4483 796 4548 0124
820 4481 981 4555 θλίβοντος]
1004 4479 1118 4555 ἐχθρῶν
1140 4499 1156 4536 ο
1177 4487 1183 4547 Ι
1207 4482 1246 4538 2ss
1273 4477 1359 4550 ἐστιν]
1378 4487 1410 4544 -ί-
1428 4479 1479 4550 ἢτ

195 4559 235 4617 29
254 4559 347 4632 φύσιν]
361 4568 394 4626 -Ι-
406 4564 456 4618 καί
473 4565 563 4631 οίθθ
585 4561 762 4635 ἐξεστηκῶσα
780 4584 796 4622 o
812 4567 869 4633 181
891 4563 1012 4637 ἐφήσθη]
1036 4563 1169 4638 ἐφεῖσθαι
1187 4581 1224 4622 ου
1242 4561 1420 4634 ἐπηοθάνετο
1440 4565 1501 4642 (111

194 4651 246 4702 τοῦ
263 4647 443 4716 πταίσματος
462 4648 505 4702 Gh
521 4649 524 4716 ί
541 4649 580 4705 82
598 4647 648 4720 είς]
663 4649 757 4716 -Ι-τδις
774 4667 799 4704 0.

1243 4735 1295 4790 16ΙΙ
