3658 5566
516 454 567 510 Dio
583 456 748 528 Fragmenta
765 475 814 512 aus
831 457 880 513 der
895 457 1162 531 Prophetenkatene.
1431 470 1492 533 273

187 611 390 709 ἀπήχθησαν
416 620 543 708 χώραν.
586 617 705 709 άγρὸς
735 627 772 692 δὲ
804 615 823 692 δ
851 618 1071 713 εὐλογημένος
1097 619 1165 694 άπὸ
1190 632 1308 712 κυρίου
1333 631 1389 694 καὶ
1415 631 1493 697 λίαν

187 714 322 807 εύώδης,
345 709 451 808 ούπερ
473 722 594 792 ἔπνεεν
614 716 738 808 Ἰακώβ,
761 728 861 810 δηλοῖ
882 727 1033 809 Χριστοῦ
1055 720 1119 810 τὴν
1140 725 1325 811 ἐκκλησίαν.

569 939 626 1006 Nr.
646 941 711 1008 CV.
753 941 876 1025 KlageL
891 940 1047 1019 δωρεαί,
1065 948 1111 1007 10.

261 1081 330 1154 Ἵνα
358 1082 403 1173 μὴ
433 1079 577 1171 δόξωσιν
603 1090 636 1158 αί
662 1104 815 1174 γυναῖκες
837 1080 878 1156 δι’
903 1081 1066 1175 ώμότητα
1087 1091 1292 1176 βεβρωκέναι
1314 1086 1358 1157 τά
1379 1093 1492 1174 τέκνα,

151 1187 401 1270 δοίκτίρμονας
434 1191 496 1273 μὲν
526 1187 612 1257 εἶναί
642 1208 756 1274 φησιν·
786 1193 828 1274 τῇ
855 1191 891 1256 δέ
917 1191 980 1274 τῆς
1005 1189 1131 1266 ἐνδείας
1153 1180 1281 1272 άνάγκη
1302 1183 1494 1274 προσάπτει

184 1279 226 1352 τὸ
248 1278 370 1366 πάθος.
406 1281 448 1354 τό
468 1288 505 1354 δέ
526 1275 634 1373 ἧψαν
655 1282 696 1354 τὸ
720 1280 849 1373 ἀνάψαι
870 1291 927 1355 καὶ
949 1279 1096 1373 ὀπτῆσαι
1118 1290 1225 1372 δηλοῖ,
1249 1279 1268 1356 ό
1292 1285 1333 1374 δὴ
1354 1294 1493 1374 γέγονεν

184 1385 239 1452 ἐπὶ
264 1388 326 1472 τῆς
350 1374 524 1472 Ῥωμαίων
550 1391 767 1474 πολιορκίας·
797 1381 928 1455 διὸκαὶ
953 1382 1177 1474 σύντριμμα
1201 1393 1299 1455 καλεῖ
1323 1383 1387 1472 τὴν
1406 1414 1493 1458 παν-

184 1487 266 1572 τελῆ
302 1489 367 1554 τοῦ
405 1484 529 1566 ἔθνους
558 1479 742 1555 άπώλειαν.
783 1489 840 1553 καὶ
870 1486 907 1553 έν
935 1490 980 1571 τῇ
1010 1489 1149 1575 δευτέρᾳ
1178 1487 1214 1553 δέ
1245 1489 1318 1554 τών
1346 1479 1494 1574 θρήνων

185 1582 392 1670 στοιχειώσει
412 1587 477 1654 τοῦ
497 1579 672 1672 παρόντος
692 1588 857 1673 μέμνηται
878 1580 1023 1664 πάθους.
1051 1591 1106 1655 καὶ
1128 1588 1234 1656 τοῦτο
1257 1588 1293 1654 δὲ
1311 1591 1367 1654 καὶ
1382 1582 1494 1655 τᾶλλα

13 1717 16 1724 ,
135 1690 168 1746 10
185 1677 283 1771 πάθη
302 1678 375 1770 μετ’
397 1677 566 1769 ἀκριβείας
587 1676 775 1772 Ἰώσηππσς
797 1687 834 1754 ἐν
855 1689 1025 1774 τοῖςπερὶ
1047 1679 1209 1765 άλώσεως
1231 1687 1438 1772 παρέδωκεν.

562 1900 618 1967 Nr.
640 1901 720 1970 CVI.
763 1902 887 1987 Klagel.
901 1902 1016 1970 Jerem.
1031 1910 1061 1984 4,
1077 1911 1123 1970 11.

268 2043 365 2116 Μετὰ
387 2043 450 2135 γὰρ
473 2044 538 2136 τὴν
559 2053 712 2134 Χριστοῦ
727 2057 917 2139 παρουσίαν
938 2055 1233 2136 συνετελέσθησαν.

553 2264 610 2331 Nr.
632 2264 728 2332 CVII.
771 2266 894 2352 Klagel.
908 2267 1023 2332 Jerem.
1038 2274 1065 2346 4,
1083 2272 1129 2333 12.

261 2404 355 2493 Ἴσως
384 2415 446 2499 μὲν
476 2418 532 2482 καὶ
563 2410 617 2481 διὰ
648 2410 687 2482 τὸ
719 2418 794 2484 τών
824 2411 946 2484 τόπων
973 2406 1096 2501 ὀχυρόν
1120 2417 1176 2482 καὶ
1197 2416 1260 2481 τοῦ
1283 2419 1412 2499 τείχους
1433 2418 1489 2481 καὶ

131 2522 164 2577 15
183 2506 248 2599 τὴν
278 2517 350 2580 τών
381 2505 610 2601 οἰκητόρων
637 2509 742 2599 ἰσχύν,
766 2519 778 2597 ll
801 2508 947 2599 μάλιστα
973 2516 1009 2581 δέ
1036 2511 1090 2583 διά
1112 2511 1175 2582 τόν
1198 2507 1248 2582 άεὶ
1270 2515 1331 2599 τῆς
1352 2505 1489 2591 πόλεως
1513 2524 1566 2581 348

183 2603 438 2698 ύπερηοπικότα
468 2613 561 2680 θεόν.
603 2617 714 2680 καίτοι
744 2610 811 2697 πρὸ
842 2617 906 2682 τοῦ
937 2607 1242 2699 Ναβουχοδονόσορ
1273 2609 1440 2681 εἰσελθών
1472 2603 1491 2680 δ

183 2705 370 2796 Αἰγύπτιος
391 2704 557 2790 πολλάκις
579 2711 675 2792 ἐ’λαβε
697 2708 778 2792 τοὺς
799 2709 993 2798 θησαυρούς
1014 2713 1052 2780 ἐκ
1073 2715 1137 2781 τοῦ
1156 2714 1253 2782 σ’ίκσυ
1266 2715 1393 2795 κυρίου,
1417 2703 1491 2779 ἄλλ’

183 2802 225 2877 ού
245 2805 423 2897 πορθήσας
445 2807 509 2897 τὴν
530 2804 645 2880 πόλιν·
668 2804 709 2880 ού
731 2808 793 2897 γὰρ
816 2807 902 2896 άγαν
917 2811 1060 2893 ἔθλιβεν,
1083 2814 1112 2880 εί
1125 2815 1181 2878 καὶ
1195 2804 1344 2897 ύπῆργεν
1357 2805 1490 2895 ἐχθρός,

181 2905 270 2995 πρὸς
295 2905 336 2977 τὸ
359 2912 440 2996 μηδὲ
464 2904 676 2996 άπεμφαῑνυν
698 2907 860 2979 εἶναικαὶ
881 2914 931 2988 δις
952 2915 1007 2978 καὶ
1029 2914 1101 2998 τρὶς
1122 2906 1164 2979 τό
1188 2903 1385 2994 παράδοξον
1406 2912 1492 2994 γενέ·
1522 2927 1526 2938 ’

135 3017 170 3072 20
188 3016 277 3079 σθαι.
320 3012 412 3096 λέγοι
438 3002 470 3078 δ’
495 3002 537 3078 άν
558 3016 732 3093 βασιλεῖς
758 3012 829 3096 τῆς
854 3012 923 3096 γῆς
947 3017 1004 3078 καὶ
1026 3007 1108 3090 τούς
1130 3013 1291 3095 δαίμονας
1313 3004 1393 3088 τούς
1415 3011 1490 3077 τών

185 3113 315 3195 χοῖκών
350 3104 623 3192 βασιλεύσαντας,
659 3115 737 3196 περὶ
774 3097 826 3177 ών
862 3109 1002 3195 ε’ίρηται·
1035 3112 1267 3196 »παρέστησαν
1301 3099 1430 3186 πάντες
1459 3107 1492 3174 οἱ

187 3217 332 3292 βασιλεῖς
361 3211 422 3295 τῆς
452 3212 512 3295 γῆς
541 3213 597 3277 καὶ
627 3207 660 3276 οί
690 3205 851 3294 ἄρχοντες
879 3201 994 3278 αύτών
1019 3204 1238 3297 συνήχθησαν
1262 3208 1318 3275 ἐπὶ
1343 3201 1384 3274 τὸ
1407 3199 1493 3274 αύτό

186 3305 273 3378 κατά
304 3313 368 3377 τοῦ
397 3314 515 3393 κυρίου
543 3313 598 3376 καὶ
627 3303 715 3376 κατὰ
746 3313 809 3377 τοῦ
831 3312 981 3392 Χριστοῦ
1011 3302 1145 3378 αύτούς.
1186 3309 1263 3394 περὶ
1291 3293 1343 3374 ών
1369 3305 1494 3386 οἵτινές

189 3408 270 3479 ελσιν
300 3404 449 3496 ἐδήλωσε
478 3403 521 3476 τό
555 3411 602 3476 »εί
629 3404 692 3494 γάρ
724 3405 886 3495 ἔγνωσαν,
919 3401 981 3477 ούκ
1007 3402 1049 3476 άν
1075 3405 1139 3478 τόν
1162 3403 1280 3494 κύριον
1307 3408 1369 3492 τῆς
1395 3398 1495 3492 δόξης

137 3515 170 3568 25
188 3504 422 3594 ἐσταύρωσαν(
455 3513 511 3576 καὶ
542 3505 583 3578 τὸ
618 3505 690 3576 »ἵνα
718 3512 890 3595 γνωρισθῇ
917 3523 990 3588 ταῖς
1017 3500 1131 3594 άρχαις
1158 3511 1213 3574 καὶ
1235 3521 1308 3586 ταῖς
1329 3507 1495 3587 ἐξουσίαις

187 3610 225 3676 ἐν
255 3623 328 3688 τοῖς
358 3609 573 3693 ἐπουρανίοις
603 3603 658 3675 διά
689 3610 750 3694 τῆς
780 3610 956 3694 ἐκκλησίας
983 3599 1005 3694 ἦ
1030 3611 1277 3684 πολυποίκιλος
1303 3609 1408 3689 σοφία
1430 3609 1496 3674 τοῦ

187 3711 304 3776 θεοῦι·
335 3700 450 3794 ᾤοντο
472 3703 536 3793 γάρ
557 3703 602 3794 μὴ
624 3709 873 3792 παραδίδοσθαι
894 3705 961 3794 τὴν
973 3699 1183 3792 Ἰερουσαλὴμ
1205 3707 1251 3784 είς
1273 3707 1379 3786 τέλος,
1402 3707 1496 3792 μέχρι

188 3809 252 3875 τοῦ
274 3805 398 3886 ἔθνους
418 3801 546 3875 τούτου
569 3801 632 3892 τὴν
654 3801 740 3892 πρὸς
762 3803 843 3886 τούς
863 3811 1012 3892 πατέρας
1033 3807 1233 3892 ἐπαγγελίαν
1252 3799 1412 3890 οἰόμενοι,
1433 3830 1495 3891 μη-

189 3907 245 3974 δέν
267 3899 394 3985 εἰδότες
413 3909 492 3992 περὶ
511 3907 669 3990 Χριστοῦ.

274 4107 321 4174 112
344 4106 408 4178 vgl.
427 4107 494 4162 Gen.
512 4109 553 4166 27,
571 4107 612 4160 27.
636 4136 667 4146 -
694 4107 732 4163 10
760 4106 822 4179 Vgl.
841 4107 982 4178 Josephus,
1007 4106 1075 4162 Bell.
1094 4106 1155 4160 Jud.
1173 4106 1197 4173 6,
1216 4107 1239 4168 3,
1257 4107 1281 4160 4.
1311 4107 1376 4177 Vgl.
1394 4107 1493 4162 Euseb.

188 4193 215 4246 h.
234 4209 258 4246 ε.
276 4193 299 4258 3,
318 4193 342 4258 6,
361 4193 391 4246 21
399 4192 426 4246 ff.
444 4209 470 4245 u.
489 4191 596 4262 Olymp.
615 4188 671 4259 (Gh
688 4192 735 4258 ΙΙΙ,
753 4193 821 4262 192).
837 4221 871 4233 -·
890 4192 927 4247 17
948 4191 1011 4261 vgl.
1024 4191 1037 4244 I
1049 4191 1119 4246 Κὸιι.
1134 4193 1174 4254 14,
1192 4191 1226 4245 26
1244 4191 1280 4258 (ΙΙ
1291 4189 1391 4246 Chron.
1405 4193 1445 4259 12,
1458 4193 1494 4260 9).

189 4307 222 4317 -
240 4277 276 4333 21
294 4276 367 4331 Paul.
385 4279 409 4337 2,
428 4275 451 4330 2.
470 4305 503 4316 -
522 4275 562 4330 24
580 4274 668 4330 IKor.
680 4275 704 4338 2,
721 4278 747 4333 8.
763 4305 796 4314 -
816 4276 852 4332 2θ
870 4275 939 4347 ΕρΙι.
956 4279 980 4340 3,
1000 4277 1040 4331 10.
1281 4269 1287 4282 ’

274 4454 290 4509 1
310 4447 365 4508 ἐπὸ
384 4459 419 4509 ιῖυ
437 4452 466 4506 c*
486 4459 529 4507 ιῖῶ
547 4470 571 4507 ο,
583 4453 615 4508 R.
633 4456 658 4506 οἱ
680 4453 684 4520 Ι
703 4453 718 4507 1
740 4447 795 4522 ἐπί]
813 4446 868 4507 ὑπὸ
888 4454 943 4521 ool
962 4452 979 4507 8
1001 4451 1031 4508 δέ
1048 4449 1164 4524 δευτέρα
1182 4451 1274 4519 0110
1295 4452 1495 4524 παραδέδωκεν

188 4537 274 4605 0112
293 4537 461 4610 παρουσίαν]
480 4538 632 4610 παροινίαν
650 4536 695 4592 Gh
713 4537 718 4604 Ι
738 4538 778 4593 14
796 4536 858 4607 μὲν]
876 4535 906 4594 δέ
924 4555 939 4592 υ
958 4539 963 4605 Ι
984 4538 1021 4594 15
1040 4537 1107 4606 τῶν]
1126 4545 1160 4596 <
1176 4553 1193 4591 ο
1208 4537 1213 4604 Ι
1227 4534 1267 4604 δὲ]
1283 4545 1316 4595 <
1334 4537 1368 4605 σί
1383 4536 1418 4594 18
1437 4533 1494 4608 01'2’]

189 4637 240 4677 σου
258 4621 346 4688 0120
363 4619 438 4691 λέγει
456 4622 491 4690 c}
507 4622 594 4688 26127
614 4627 667 4676 τοῦ
683 4625 755 4676 θεοῦ
773 4622 860 4690 σοφία
878 4622 967 4689 0127
988 4623 1048 4690 τὴν]
1066 4630 1111 4689 τῆι
1128 4637 1152 4674 ο.

240 4705 357 4760 Origenes
372 4704 414 4750 111.
1261 4708 1292 4761 18
