3768 5544
385 470 505 526 nomilia
515 471 575 528 XII.
603 471 700 527 ἰεῖσαι
714 472 876 538 13,12-17.
893 501 926 510 -
943 472 1063 528 Homilie
1075 471 1148 527 XIII.
1173 473 1270 528 Jerem.
1282 474 1320 540 15,
1332 477 1407 530 5-7.
1495 483 1550 546 101

251 633 366 723 σωτήρ
389 641 511 724 λέγων·
536 637 657 705 »Exest
642 659 734 706 εσται
757 629 775 706 6
797 631 1000 723 κλαυθμόςι.
1034 631 1100 705 κάν
1114 641 1207 724 λέγη·
1233 633 1326 708 »οῦαι
1315 641 1374 710 οί
1388 644 1554 727 γελῶντες

252 741 323 817 νῦν,
346 728 401 804 ότι
421 732 612 825 πενθήσετε
632 742 687 805 καὶ
708 733 901 818 κλαύσετει,
928 741 1004 822 περὶ
1026 739 1156 806 ἐκείνου
1177 742 1240 808 τοῦ
1261 744 1437 827 κλαυθμοῦ
1458 744 1552 826 λέγει,

250 826 290 904 οῦ
320 831 451 906 ἀπειλεῖ
477 839 533 906 καὶ
562 829 762 906 ἐνταῦθαζ
744 863 762 905 ο
793 833 975 924 προφήτης
1005 839 1127 921 λέγων·
1160 837 1237 906 »έὰν
1264 842 1299 908 δὲ
1324 837 1368 926 μή
1390 833 1554 928 ἀκούσητε

249 938 493 1054 κεκρυμμένους,
516 930 738 1053 κλαῦσεται’
718 963 738 1023 η
760 932 849 1024 ψυχή
870 929 967 1022 ῦμῶν
988 930 1056 1006 άπὸ
1071 934 1260 1022 προσώπου
1274 931 1430 1026 ῦβρεωςι
1469 933 1553 1010 όταν

215 1031 311 1154 δγάρ
336 1029 527 1122 ῦβρίζησθε,
555 1030 635 1104 τότε
659 1033 844 1155 κλαῦσεσθε
872 1039 945 1104 »καὶ
969 1031 1174 1120 κατάξουσιν
1200 1039 1232 1107 οἰ
1262 1030 1478 1125 όφθαλμοὶ“
1458 1044 1554 1127 υμῶν

250 1129 386 1221 δάκρυα,
421 1126 476 1204 ότι
505 1141 679 1225 συνετρίβη
708 1132 749 1206 τὸ
779 1141 941 1222 ποίμνιον
969 1141 1114 1221 κυρίου(
1161 1132 1220 1204 ἐὰν
1249 1139 1303 1223 ἰδη
1335 1141 1397 1207 νῦν
1426 1165 1479 1219 τις
1509 1137 1553 1209 τὰ

247 1229 410 1305 Ἰουδαϊκὰ
445 1240 500 1304 καί
536 1240 694 1321 συγκρίνη
730 1231 817 1304 αὐτὰ
853 1251 924 1316 τοῖς
960 1229 1120 1321 ἀρχαίοις,
1157 1226 1277 1321 ὄψεται
1313 1242 1391 1306 τίνα
1422 1231 1553 1325 τρόπον

251 1340 444 1456 »συνετρίβη
466 1332 507 1404 τὸ
529 1340 691 1421 ποίμνιον
712 1339 856 1420 κυρίουι.
891 1333 935 1421 ἠν
956 1331 1017 1421 γάρ
1032 1328 1137 1404 τοῦτό
1152 1361 1238 1405 ποτε
1251 1342 1412 1422 ποίμνιον
1426 1344 1551 1422 κυρίου,

247 1439 302 1502 καὶ
324 1437 396 1504 ἐπεὶ
420 1429 612 1518 ἀναξίους”
596 1459 734 1518 εκριναν
756 1430 904 1517 ἑαυτούς,
927 1427 1117 1520 ἐστράφη
1098 1461 1118 1502 ο
1141 1429 1242 1521 λόγος
1262 1438 1309 1516 εἰς
1330 1463 1374 1505 τα
1360 1434 1487 1524 ἔθνη.
1524 1441 1553 1506 εἰ

198 1544 231 1599 10
248 1525 310 1603 οῦν
335 1535 441 1605 έκεῖνο
469 1531 509 1603 τὸ
532 1541 692 1620 ποίμνιον
713 1539 889 1622 συνετρίβη
911 1537 974 1602 τοῦ
995 1537 1123 1618 κυρίου,
1147 1523 1238 1620 ἡμεῖς
1261 1527 1281 1620 6
1304 1528 1503 1622 ἀγριέλαιος,
1531 1531 1551 1624 6

247 1631 338 1719 παρὰ
361 1631 462 1718 φῦσιν
484 1633 605 1722 εαυτῆς
627 1635 899 1722 έγκεντριζομένη
923 1631 1025 1713 εἰς
988 1659 1053 1721 την
1067 1637 1346 1703 καλλιέλαιον”
1296 1661 1369 1703 τῶν
1382 1640 1551 1721 πατέρων,

248 1725 288 1801 οῦ
323 1737 429 1802 πλέον
465 1727 645 1821 ὀφείλομεν
677 1740 864 1818 φοβεῖσθαι,
900 1727 1032 1819 μήποτε
1067 1738 1227 1820 συντριβῇ
1261 1738 1316 1801 καὶ
1353 1738 1458 1803 τοῦτο
1492 1731 1550 1804 »τὸ

246 1839 408 1920 ποίμνιον
434 1838 498 1904 τοῦ
522 1838 675 1918 κυρίους
701 1835 814 1918 μέλλει
839 1827 901 1919 γὰρ
928 1837 1166 1918 συντρίβεσθαί
1186 1859 1274 1902 ποτε
1294 1830 1383 1902 κατὰ
1403 1831 1445 1903 τὸ
1467 1838 1552 1924 εἰρη-

246 1928 400 2018 μένον(
378 1929 446 2002 υπὸ
476 1937 540 2002 τοῦ
570 1936 739 2018 σωτῆρος,
758 1921 855 2002 όταν
888 1929 961 2001 »διὰ
989 1927 1030 1999 τὸ
1057 1936 1300 2020 πληθυνθῆναι
1322 1931 1386 2020 τὴν
1407 1927 1551 2021 ἀνομίαν

196 2048 228 2101 15
248 2028 433 2156 ψυγήσεται
461 2028 482 2120 6
514 2027 626 2118 ἀγάπη
656 2037 730 2100 τῶν
761 2035 928 2099 πολλῶνι.
971 2036 1047 2116 περί
1079 2035 1186 2100 τίνοον
1216 2029 1279 2120 γὰρ
1311 2024 1468 2150 5.²‘5⁷⁰⁶’'
1510 2027 1551 2101 οῦ

245 2136 321 2218 περὶ
344 2137 559 2218 Χριστιανῶν
590 2133 781 2216 λεγομένοιν
811 2128 852 2200 τὸ
886 2125 1087 2249 »ψυγήσεται
1113 2123 1133 2216 6
1160 2125 1272 2219 ἀγάπη
1293 2137 1367 2200 τῶν
1387 2137 1546 2200 πολλῶν(

246 2233 390 2318 είρηται,·
424 2239 500 2319 περί
522 2223 670 2301 τίνων
651 2257 669 2299 ο
692 2222 803 2315 λόγος,
826 2220 880 2298 ότι
905 2226 1015 2317 »πλὴν
1029 2223 1179 2299 έλθῶνι
1160 2257 1179 2298 ο
1197 2226 1268 2310 υίὸς
1283 2257 1347 2299 του
1332 2225 1551 2316 ἀνθρῶπου

247 2331 310 2416 ἆρα
341 2326 470 2418 εῦρήσει
499 2329 563 2418 τήν
592 2337 706 2399 πίστιν
736 2331 790 2398 ἰπὶ
821 2332 882 2415 τῆς
911 2333 1006 2416 γήςι;
1058 2324 1098 2398 οῦ
1127 2323 1256 2416 περὶ(
1235 2335 1331 2417 ημῶν
1361 2331 1446 2412 έστι;
1497 2327 1550 2401 διὰ

161 2445 229 2502 265v
248 2434 351 2501 τοῦτο
372 2438 376 2512 Ι
394 2434 613 2518 προσέχωμεν
635 2428 769 2508 ἑαυτοῖς
790 2423 904 2498 πάντα
919 2430 930 2516 Ι]
946 2423 1167 2512 πράττοντες,
1190 2430 1244 2496 ίνα
1267 2423 1423 2517 ὁσημέραι
1445 2433 1549 2498 τοῦτο
1568 2447 1618 2505 205

195 2541 229 2598 20
246 2525 287 2598 τὸ
309 2536 471 2616 ποίμνιον
492 2533 556 2598 τοῦ
577 2532 662 2597 θεοῦ
683 2531 878 2611 βελτιῶται,
900 2522 1089 2614 ῦγιάζηται,
1112 2523 1356 2616 θεραπεύηται,
1382 2532 1438 2596 καὶ
1459 2533 1550 2598 πᾶσα

245 2626 403 2716 συντριβι]
425 2624 559 2715 ἀποστῇ
581 2623 649 2698 ἀπὸ
672 2633 745 2696 τῶν
759 2631 879 2712 ψυχῶν
894 2621 997 2714 ἡμῶν,
1021 2628 1075 2696 ίνα
1089 2629 1126 2695 ἐν
1142 2632 1278 2716 Χριστῷ
1294 2621 1398 2713 Ἰησοῦ
1416 2634 1551 2696 τελειω-

245 2733 371 2816 θῶμεν,
394 2717 423 2818 ᾧ
446 2731 539 2797 ἐστιν
560 2720 581 2815 6
604 2721 684 2811 ίόξα
705 2723 822 2796 καὶτὸ
844 2720 968 2812 κράτος
989 2730 1036 2807 εἰς
1057 2724 1137 2806 τοῦς
1159 2727 1292 2806 αἰῶνας.
1329 2721 1438 2814 Ἀμήν.

395 3121 489 3206 (Εἰς
510 3115 556 3188 τὸ
582 3113 669 3196 »τίς
686 3113 879 3212 φείσεται
902 3111 969 3184 ἐπὶ
989 3110 1070 3198 σοί,
1089 3109 1410 3206 Ἵερονσαλήμις

611 3249 736 3344 μέχρι
758 3255 835 3322 τοῦ
859 3243 1176 3340 »ἠτεκναίθην«.>

782 3431 928 3525 Ὁμιλία
951 3427 1010 3530 ιγ’.

329 3573 372 3644 T6
401 3570 562 3664 λεγόμενα
589 3573 675 3664 πρὸς
697 3575 761 3666 τήν
786 3573 992 3664 Ἰερουσαλήμ
1014 3573 1097 3663 μετὰ
1118 3577 1250 3661 πολλῆς
1269 3567 1409 3662 ἀπειλῆς
1430 3576 1547 3660 νοῆσαι

241 3679 388 3762 θέλομεν
418 3665 528 3757 οῦτινς
559 3675 692 3762 ἔχοντα
726 3683 796 3756 »τίς
827 3681 976 3761 φείσεται
1005 3679 1059 3745 ἐπὶ
1090 3681 1156 3756 σοί,
1193 3666 1416 3762 Ἰερουσαλήμ·
1445 3666 1466 3759 6
1497 3679 1547 3752 τίς
1617 3723 1620 3728 ι

240 3769 479 3860 σκυθρωπάσει
501 3777 556 3844 ἰπὶ
577 3769 680 3857 σοί;
666 3769 689 3862 6
711 3782 762 3856 τίς
785 3770 974 3864 ἀνακάμψει
996 3777 1164 3861 ἐρωτῆσαι
1185 3776 1232 3854 εἰς
1254 3767 1389 3860 εἰρήνην
1410 3793 1486 3854 σου;
1507 3770 1566 3858 σύ,

309 3927 324 3981 1
344 3925 444 3981 Matth.
461 3927 485 3994 8,
503 3928 536 3982 12
553 3946 580 3982 u.
596 3934 621 3984 δ.
644 3958 676 3968 -
693 3927 762 3982 Luk.
779 3929 803 3994 6,
820 3931 861 3984 25.
887 3958 920 3967 -
939 3929 957 3983 11
975 3926 1039 3999 Vgl.
1059 3929 1120 3982 Act.
1133 3928 1174 3993 13,
1186 3927 1228 3982 46.
1245 3955 1279 3965 -
1298 3923 1368 3982 106.
1386 3923 1451 3994 Vgl.
1468 3923 1545 3977 an.

241 4013 281 4076 11,
295 4013 334 4067 17.
347 4012 389 4066 24.
407 4042 439 4050 —
457 4011 505 4070 14.
520 4013 558 4068 16
576 4011 729 4076 Μιαομο,
743 4014 783 4068 12.
801 4043 832 4052 -
853 4013 889 4069 11
909 4011 976 4065 Luk.
989 4013 1029 4077 18,
1043 4011 1068 4066 8.

325 4147 341 4202 1
360 4145 516 4216 κλαυθμός]
535 4153 567 4211 -Ι-
584 4151 609 4200 et
631 4147 734 4200 stridor
750 4145 909 4202 ιίοπίίιιοιΗ
929 4147 933 4214 Ι
953 4147 972 4202 11
990 4139 1044 4201 ἐὰν
1062 4144 1091 4202 δί
1108 4147 1157 4217 μή]
1175 4147 1236 4200 nisi
1246 4145 1272 4199 Η
1292 4148 1296 4213 Ι
1317 4144 1353 4200 10
1369 4149 1421 4198 τοῦ
1437 4142 1544 4214 κυρίου]

239 4229 315 4290 <Η
339 4233 342 4299 Ι
365 4232 399 4287 ll
420 4230 599 4286 καλλιέλαιον
617 4233 655 4286 Lo
678 4229 875 4287 καλιέλαιονθ
899 4233 903 4298 Ι
929 4230 968 4286 14
990 4228 1034 4286 διὰ
1057 4229 1090 4286 τὸ
1114 4228 1321 4301 πληθυνθῆναι]
1344 4226 1545 4295 multiplicatae

237 4316 341 4382 fuerint
352 4315 379 4368 H
398 4317 402 4382 Ι
423 4315 464 4370 20
481 4315 561 4384 θεοῦ]
580 4315 697 4368 Domini
707 4315 733 4368 H
751 4315 920 4387 Ιβελτιῶται
931 4314 976 4369 Ηῑι
992 4319 1150 4386 βελτιοΐπαι
1163 4315 1180 4368 S
1195 4316 1200 4383 Ι
1215 4314 1252 4368 22
1272 4310 1387 4380 αἰῶνας]
1406 4317 1438 4374 -Ι-
1451 4327 1544 4364 saecu·

238 4401 327 4453 Ιοηιιν
343 4399 370 4452 Η
393 4402 397 4467 Ι
420 4394 511 4469 Ἀμην]
539 4406 571 4464 -Ι-
598 4395 694 4468 όμιίία
717 4393 753 4471 ιβ’
770 4399 788 4454 S
812 4400 816 4467 Ι
839 4395 929 4465 2624
951 4395 1219 4468 εἰς-ήτεκνώθην]
1244 4398 1310 4456 <S
1333 4395 1414 4464 (doeh
1438 4395 1474 4449 ist
1496 4410 1545 4449 vor

238 4473 334 4551 ὁμιλία
353 4475 388 4552 ιγ’
407 4482 452 4536 ein
469 4483 550 4538 θείου
566 4481 655 4538 Raum
672 4482 807 4552 gelassen)
819 4483 845 4538 H
860 4484 864 4551 Ι
879 4485 916 4539 25
933 4483 1058 4538 Ηοιπίίιιι
1069 4484 1099 4536 X
1108 4484 1134 4538 H
1148 4485 1152 4550 Ι
1168 4482 1207 4537 28
1225 4479 1252 4551 6]
1270 4491 1302 4540 <
1314 4481 1340 4534 Η
1354 4482 1358 4547 Ι
1374 4477 1414 4544 εἰς
1431 4477 1544 4551 εἰρήνην

238 4583 289 4622 σου
308 4565 380 4620 Lxx
392 4565 470 4622 codd.
483 4567 547 4623 Luc.
564 4566 599 4623 τὰ
617 4565 658 4634 εἰς
676 4565 790 4639 εἰρήνην
803 4585 855 4624 σου
867 4568 927 4623 cod.
939 4569 972 4624 62
985 4569 1050 4638 (vgl.
1063 4568 1089 4622 S.
1102 4570 1159 4631 104,
1172 4567 1224 4634 8Ι9Ι
1237 4563 1278 4630 εἰς
1289 4562 1400 4636 εἰρήνην
1413 4581 1459 4619 σοι
1470 4563 1543 4617 Lxx

238 4651 304 4721 (vgl.
323 4650 348 4704 S.
362 4652 419 4715 104,
433 4653 483 4719 18).
