3768 5544
640 466 759 522 Romilio
777 467 850 522 VIII.
885 467 983 522 Jerem.
1001 469 1042 534 10,
1061 467 1169 523 12—14.
1518 475 1557 537 61

252 638 378 698 σεσθαι.
414 635 470 699 καί
492 631 595 718 <ἐπεί>
619 635 700 701 είσίν
722 658 814 713 τινες
835 637 958 702 πολλοὶ
980 637 1159 719 θησαυροί,
1188 627 1273 718 τάχα
1295 628 1384 701 κατὰ
1405 627 1558 720 τάγματα

253 735 325 799 τῶν
352 724 586 816 ἀνισταμένων
613 731 750 800 ἔσονται
777 725 981 812 ἀναπαύσεις
1007 733 1045 800 ἐν
1071 749 1145 813 τοῖς
1172 741 1355 820 θησαυροῖς
1380 735 1445 802 τοῦ
1466 735 1558 801 θεοῦ.

251 823 271 899 ῦ
294 833 329 898 δέ
351 833 439 916 λέγω
455 823 619 899 τοιοῦτόν
634 833 734 899 ἐστιν.
770 825 790 917 ἡ
806 825 986 912 ἀνάστασις
1003 836 1077 900 τῶν
1093 837 1225 920 νεκρῶν
1240 833 1277 902 ἐν
1293 826 1456 918 τάγμασίν
1470 852 1559 900 τισιν

250 935 391 1016 γίνεται·
418 934 500 1017 φησὶ
526 927 588 1016 γὰρ
615 922 634 998 δ
662 923 869 1011 ἀπόστολος·
903 929 1061 1010 »ἕκαστος
1087 934 1123 1000 δὲ
1147 934 1185 1000 ἐν
1212 936 1264 1020 τῷ
1286 933 1362 1018 ίδίῳ
1385 925 1558 1017 τάγματα.

215 1033 305 1097 ὁκαὶ
327 1031 399 1098 ἐπεὶ
420 1025 465 1116 μὴ
487 1023 535 1110 ῶς
557 1029 673 1116 ἐτυχεν
695 1026 905 1117 συμφέρεται
926 1027 970 1100 τᾶ
993 1025 1154 1117 τάγματα,
1176 1027 1255 1102 τόδε
1277 1029 1318 1102 τὸ
1341 1025 1450 1118 τάγμα
1465 1029 1558 1099 ἔσται

251 1129 287 1197 ἔν
314 1155 382 1197 τινι
407 1134 567 1216 θησαυρῷ
594 1133 681 1199 θεοῦ
706 1137 762 1198 καί
788 1125 867 1199 τόδε
894 1127 935 1199 τό
962 1124 1072 1216 τάγμα
1097 1130 1134 1198 έν
1160 1128 1266 1218 ἑτέρῳ
1289 1135 1450 1218 θησαυρῷ
1473 1133 1559 1200 θεοῦ

249 1234 306 1296 καὶ
333 1234 453 1315 τρίτον
481 1225 599 1314 ἕτερον
625 1223 734 1316 τάγμα
761 1229 854 1298 ἐσται
879 1231 916 1299 ἐν
943 1227 1038 1317 άλλῳ
1064 1234 1237 1316 θησαυρῷ.
1280 1219 1377 1298 οῦτοι
1403 1233 1558 1316 μέντοιγε

249 1322 377 1408 πάντες
408 1326 440 1396 ολ
467 1332 632 1415 θησαυροὶ
656 1327 714 1398 ἕνα
737 1328 870 1414 ἔχουσιν
895 1323 1084 1416 θησαυρόν,
1115 1329 1152 1396 ἐν
1178 1317 1207 1416 ῷ
1234 1332 1460 1399 κατοικοῦσιν.
1505 1326 1557 1398 διὸ

248 1423 340 1513 παρὰ
369 1432 420 1514 τῷ
444 1422 568 1515 Παύλῳ
597 1432 764 1497 λέλεκται·
797 1431 852 1498 »ἐν
875 1417 904 1516 ῷ
927 1429 1010 1496 εἰσιν
1033 1429 1066 1498 ολ
1088 1434 1254 1515 θησαυροί
1275 1433 1330 1496 καὶ
1352 1431 1414 1515 τῆς
1436 1434 1558 1513 σοφίας

199 1541 231 1595 10
249 1531 305 1595 καί
333 1530 394 1614 τῆς
416 1525 576 1613 γνῶσεως
597 1521 820 1615 ἀπόκρυφον.
863 1532 919 1598 καί
942 1523 1056 1612 ῶσπερ
1077 1532 1211 1614 κτῶμαι
1232 1525 1296 1597 τὸν
1321 1527 1399 1597 »ἕνα
1420 1523 1558 1597 πολύτι-

247 1652 314 1709 μον
350 1633 576 1714 μαργαρίτηνι
617 1623 670 1695 διὰ
706 1633 780 1697 τῶν
815 1633 960 1698 πολλῶν
995 1631 1229 1714 μαργαριτῶν,
1272 1618 1384 1709 οῦτως
1419 1626 1557 1714 ἐρχσμαι

249 1728 305 1796 ἐπὶ
334 1723 398 1795 τὸν
430 1722 605 1812 θησαυρόν
636 1731 710 1796 τῶν
742 1733 942 1814 θησαυρῶν,
974 1723 1038 1796 τὸν
1067 1723 1186 1812 κύριον
1214 1732 1290 1796 τῶν
1319 1733 1462 1814 κυρίων,
1492 1723 1557 1797 τὸν

249 1829 386 1904 βασιλέα
408 1830 482 1894 τῶν
503 1829 678 1909 βασιλέοιν,
701 1824 788 1897 ἐπάν
809 1833 958 1916 γένωμαι
981 1825 1074 1912 ἄξιος
1091 1832 1162 1896 τῶν
1176 1821 1380 1913 πνευμάτων
1395 1832 1469 1895 τῶν
1487 1820 1556 1897 ἀπὸ

249 1930 435 2012 θησαυρῶν
457 1930 521 1994 τοῦ
542 1930 638 1994 θεοῦ·
669 1923 862 2014 »ἐξήγαγεν
888 1924 950 2015 γάρ
977 1921 1136 2014 »ἀνέμους
1158 1929 1195 1996 ἐκ
1217 1931 1400 2014 θησαυρῶν
1421 1919 1557 1996 αύτοῦτ.

162 2039 231 2094 242τ
332 2035 357 2092 7.
384 2019 608 2113 »ἙμωράνΙθη
630 2030 697 2107 πᾶς
720 2023 908 2113 ἀνθρωπος
932 2021 999 2097 ἀπὸ
1020 2025 1208 2114 γνῶσεωςτ.
1244 2031 1272 2095 εί
1286 2030 1353 2106 πᾶς
1368 2023 1556 2111 ἄνθρωπος

248 2118 433 2210 έμωράνθη
459 2119 527 2195 ἀπὸ
550 2123 718 2211 γνῶσεως,
740 2130 796 2195 καί
818 2121 951 2207 Παῦλός
973 2128 1066 2196 ἐστιν
1089 2123 1290 2212 ἄνθρωπος,
1312 2131 1449 2206 Παῦλος
1471 2127 1555 2212 ἐμω-

247 2217 360 2308 ράνθη
381 2217 449 2292 ἀπὸ
473 2222 629 2310 γνῶσεως
655 2227 705 2294 »ἐκ
719 2229 840 2313 μέρους
855 2223 1035 2313 γινώσκων
1049 2229 1105 2294 καὶ
1120 2228 1157 2295 ἐκ
1171 2231 1293 2310 μέρους
1305 2221 1554 2312 προφητεύων,

246 2317 430 2410 έμωράνθη
452 2319 520 2394 ἀπὸ
543 2321 699 2411 γνῶσεως
720 2318 775 2394 >δι’
790 2319 959 2412 ἐσόπτρου
973 2329 1129 2408 βλέπων,
1143 2326 1193 2392 »ἐν
1208 2328 1378 2410 αἰνίγματι
1395 2329 1553 2405 βλέπων,

245 2419 546 2510 πολλοστημόριον
572 2429 642 2506 καί,
673 2425 701 2494 εί
728 2424 820 2492 ἐστιν
845 2426 964 2508 είπεῑν,
996 2418 1301 2512 ἀπειροστημόριον
1331 2428 1470 2507 βλέπων
1499 2428 1555 2490 καί

195 2539 229 2594 20
245 2518 517 2609 καταλαμβάνων
542 2526 552 2611 >l
577 2530 651 2592 τῶν
676 2519 896 2611 πραγμάτων.
944 2527 980 2593 ἐκ
1006 2530 1070 2594 τοῦ
1100 2527 1260 2594 ἐναντίου
1289 2528 1325 2593 δὲ
1352 2519 1483 2610 νοήσεις
1511 2518 1553 2590 τό
1573 2537 1621 2590 115

249 2617 448 2710 »έμωράνθη
478 2627 545 2703 πᾶς
578 2621 766 2710 ἄνθρωπος
793 2619 861 2695 ἀπὸ
888 2622 1076 2710 γνῶοεωςι.
1124 2624 1215 2692 ἔστιν
1241 2616 1464 2710 ἁμαρτήματα
1493 2625 1554 2709 τῆς

245 2715 465 2808 Ἰερουσαλήμ,
489 2717 712 2810 ἁμαρτήματα
733 2728 788 2792 καὶ
803 2718 984 2807 Σοδόμων,
1008 2717 1095 2793 ἀλλὰ
1117 2726 1281 2809 συγκρίσει
1300 2726 1375 2790 τῶν
1386 2716 1553 2808 χειρόνων

247 2813 500 2907 ἁμαρτημάτων
521 2827 582 2910 τῆς
596 2814 806 2910 <Ιερουσαλῦγμ
828 2819 1022 2910 δικαιοσύνη
1045 2825 1137 2892 ἐστίν
1159 2819 1202 2892 τᾶ
1217 2817 1388 2908 Σοδόμων
1407 2815 1553 2908 ᾶμαρτή-

245 2943 347 3005 ματα·
378 2920 598 3009 »έδικαιῶθηε
624 2918 688 3011 γάρ
710 2944 791 3010 φησι
816 2917 974 3005 »Σόδομα
998 2925 1034 2991 ἐκ
1057 2925 1145 2990 σοῦι.
1189 2915 1303 3005 ῶσπερ
1326 2911 1389 2990 οῦν
1410 2915 1485 3006 ούχί
1507 2923 1551 2990 δι·

193 3038 227 3093 25
245 3018 408 3108 καιοσύνη
430 3019 472 3090 τά
487 3017 659 3110 Σοδόμων
680 3016 902 3110 ἁμαρτήματα
922 3018 1009 3092 ἀλλὰ
1024 3016 1144 3102 ἀδικία,
1168 3015 1217 3101 ῶς
1230 3017 1317 3107 πρὸς
1332 3017 1396 3107 τὴν
1410 3025 1552 3089 πλείονα

246 3121 313 3206 (δὲ)
337 3114 469 3190 ἀδικίαν
492 3118 685 3209 δικαιοσύνη
708 3124 810 3205 ἐστίν,
834 3113 946 3202 οῦτως
967 3124 1005 3190 ἐκ
1026 3125 1089 3192 τοῦ
1104 3123 1262 3190 ἐναντίου
1276 3124 1408 3206 γνῶσις,
1433 3108 1552 3206 ἡούσα

247 3216 371 3304 Παύλῳ
393 3226 528 3306 γνῶσις,
552 3217 600 3302 ῶς
622 3217 708 3308 πρὸς
730 3219 795 3309 τὴν
817 3228 944 3309 γνῶσιν
965 3225 1098 3308 ἐκείνην
1113 3217 1178 3306 τὴν
1193 3210 1298 3289 οὖσαν
1313 3222 1351 3290 ἐν
1365 3233 1438 3300 τοὶς
1453 3213 1551 3305 ούρα-

245 3335 325 3400 νοῑς,
348 3313 396 3399 ῶς
417 3319 503 3407 πρὸς
524 3318 589 3408 τὴν
604 3327 739 3390 τελείαν
753 3326 880 3407 γνῶσιν
895 3324 1006 3407 μωρία
1020 3322 1121 3389 ἐστίν.
1157 3315 1211 3388 διᾶ
1226 3323 1331 3388 τοῦτο
1350 3314 1552 3407 »έμωράνθη

243 3421 310 3499 πᾶς
345 3415 533 3506 ἄνθρωπος
559 3415 627 3490 ἀπὸ
659 3419 847 3506 γνῶσεωςι.
897 3413 1060 3490 τοιοῦτόν
1091 3446 1126 3488 τι
1156 3419 1246 3505 οίμαι
1279 3413 1551 3505 καταλαμβάνων

190 3533 225 3588 30
243 3511 262 3586 δ
277 3511 535 3606 ’Πκκλησιαστὴς
550 3521 672 3606 ἔλεγεν·
698 3520 805 3589 »εἶπα
826 3514 1087 3607 σοφισθήσομαι·
1109 3525 1165 3588 καὶ
1179 3515 1265 3606 αύτὴ
1283 3514 1477 3605 ἐμακρύνθη
1492 3511 1550 3587 ἀπ)

243 3619 326 3703 ἐμοῦ
347 3617 481 3705 μακρὰν
501 3612 586 3706 ύπέρ
609 3610 627 3687 ῦ
650 3620 701 3705 ἠν,
724 3625 780 3690 καί
802 3617 891 3701 βαθύ
911 3615 1029 3703 βάθος,
1052 3622 1105 3699 τίς
1127 3611 1257 3706 εύρήσει
1278 3611 1399 3700 αύτό«;

326 3726 353 3788 8.
375 3723 501 3788 Μέλλει
526 3747 560 3786 τι
586 3720 773 3806 ἐπιτολμᾶν
798 3712 817 3787 δ
845 3713 946 3806 λόγος
972 3722 1028 3788 καί
1049 3721 1171 3805 λέγειν’,
1203 3709 1320 3788 ὅτιτὸ
1343 3718 1551 3804 ἐπιδημῆσαν

243 3822 293 3906 τῷ
325 3823 387 3904 βίῳ
420 3820 585 3888 ἐκένωσεν
617 3814 733 3900 ἑαυτό,
760 3821 815 3888 ίνα
845 3823 896 3906 τῷ
919 3814 1092 3906 κεναίματι
1113 3811 1220 3887 αύτοῦ
1239 3824 1411 3905 πληρωθῇ
1433 3811 1452 3887 δ
1473 3813 1549 3886 κόσ-

327 3983 346 4039 4
364 3986 377 4039 I
395 3985 458 4041 Kor.
478 3987 518 4052 15,
536 3987 577 4040 23.
594 4016 629 4025 —
647 3986 666 4040 θ
685 3987 746 4042 Kol.
765 3989 789 4048 2,
808 3989 831 4042 3.
850 4016 883 4026 -
901 3987 941 4042 10
959 3984 1022 4054 vgl.
1035 3985 1134 4040 Matth.
1154 3989 1194 4049 13,
1211 3988 1253 4041 46.
1272 4017 1305 4026 -
1324 3988 1362 4042 12
1381 3986 1444 4056 Vgl.
1461 3986 1550 4056 Apok.

242 4071 283 4136 11,
297 4072 329 4123 14
348 4071 389 4136 19,
403 4071 443 4124 16.
461 4100 495 4109 -
515 4070 592 4128 1111.
605 4069 668 4139 Vgl.
682 4070 694 4123 I
707 4071 770 4126 Kor.
783 4073 824 4134 13,
836 4073 860 4126 9.
874 4101 905 4110 -
919 4072 958 4126 24
972 4070 1036 4141 vgl.
1049 4069 1146 4126 Ezech.
1159 4072 1201 4132 16,
1213 4073 1254 4126 51.
1266 4072 1307 4126 52.
1334 4071 1398 4141 Vgl.
1409 4071 1439 4125 in
1450 4070 1550 4126 natth.

241 4151 345 4210 Oomm.
360 4157 393 4210 16
411 4155 459 4220 (Lo
471 4159 496 4220 4,
510 4154 582 4222 391);
600 4153 637 4210 Et
655 4156 730 4223 quod
747 4155 816 4210 dicit
835 4154 963 4210 Ezechiel
982 4156 1018 4208 ad
1038 4155 1202 4210 Jerusalem:
1223 4140 1444 4228 »jus‘tificata'est
1460 4154 1549 4224 magis

240 4237 360 4293 Sodoma
371 4256 404 4293 ex
417 4241 469 4294 θοι.
491 4239 584 4294 const.
596 4242 691 4309 Δροεί.
703 4241 738 4308 Π,
751 4241 791 4296 60.
812 4239 902 4310 Ropes
913 4239 960 4294 TU
969 4239 1042 4305 XIV,
1055 4240 1078 4304 2,
1091 4239 1148 4294 42f.
1163 4269 1193 4279 -—
1204 4241 1242 4296 ³0
1255 4239 1333 4294 Pred.
1346 4238 1401 4294 sal.
1414 4241 1437 4305 1,
1450 4239 1491 4294 24.
1504 4239 1545 4294 25.

240 4352 273 4362 -
292 4323 331 4378 θθ
350 4323 412 4393 vgl.
425 4323 496 4378 Phil.
508 4326 533 4389 2,
546 4327 570 4379 1.

326 4477 342 4532 1
363 4473 434 4546 ἐπεὶ]
452 4477 525 4530 nnoh
542 4475 580 4530 H:
598 4476 665 4544 quia
680 4477 685 4545 Ι
701 4476 720 4533 ὅ
738 4474 914 4548 συμφέρεται
931 4474 974 4529 Ru
989 4475 1141 4529 οιέεααοίιιν
1157 4475 1183 4530 Η
1202 4472 1373 4547 συμφέρεται
1389 4475 1407 4529 S
1431 4475 1435 4542 l
1453 4476 1472 4531 θ
1488 4475 1546 4544 καί]

240 4559 311 4621 <Η
334 4563 338 4628 Ι
363 4561 400 4616 11
421 4559 544 4628 πολλῶν]
563 4568 596 4624 -1-
613 4560 687 4614 alias
703 4561 730 4615 H
753 4562 757 4630 Ι
783 4562 821 4617 211
844 4559 874 4618 δὲ
892 4560 931 4615 Co
952 4559 999 4614 ωδ
1014 4561 1041 4614 Η
1065 4563 1070 4628 Ι
1094 4559 1207 4630 γνῶσις]
1225 4568 1259 4619 <
1275 4558 1313 4627 Η,
1334 4558 1477 4614 τίεΠεὶσὴέ
1494 4559 1547 4613 mit

238 4645 347 4714 flecht!
363 4644 403 4699 88
421 4639 515 4714 ἑαυτὸ]
534 4639 636 4700 ἑαυτὸν
647 4644 673 4700 S.
