3658 5566
380 995 453 1080 Das
479 994 685 1100 ngment
711 1014 781 1078 aus
808 992 877 1076 σοι
904 992 1268 1080 θίιίιιίσιιοίιίιείειιο.

235 1316 486 1419 Ὠριγένους
516 1323 575 1402 είς
605 1347 651 1392 το
680 1317 785 1393 αὐτὸ
812 1323 857 1392 ἐκ
878 1325 964 1392 τῶν
989 1323 1047 1402 είς
1078 1316 1178 1401 τούς
1206 1315 1409 1414 Θρήνους.

259 1519 312 1596 Τίς
337 1510 401 1604 γὰρ
426 1511 467 1585 τὸ
492 1519 636 1585 »δίκαιον
663 1508 705 1584 ού
730 1517 868 1596 δικαίως
895 1512 1035 1598 διώκεις
1062 1509 1281 1600 διαλαβόντες
1302 1518 1338 1584 δέ
1359 1518 1477 1596 ἐκεῖνο,
1500 1526 1551 1584 325

172 1607 316 1702 εύχερώς
344 1620 401 1684 καί
429 1615 485 1684 ἐπὶ
510 1618 616 1684 τοῦτο
638 1608 915 1702 μετελευσόμεθα,
947 1604 1002 1683 ὅτι
1030 1615 1100 1684 ἐστι
1127 1618 1265 1696 δικαίως
1291 1611 1332 1684 τὸ
1360 1611 1479 1684 ἄδικον

138 1711 317 1784 οδιώκειν.
359 1710 513 1802 ἐξήγησις
542 1717 604 1802 μὲν
633 1717 698 1783 τοῦ
724 1717 862 1794 δικαίως
884 1710 926 1783 τὸ
948 1717 1078 1783 δίκαιον
1102 1711 1239 1784 διώκειν
1259 1705 1361 1803 αύτη,
1392 1711 1479 1784 ἐπὰν

171 1819 227 1883 καί
258 1810 299 1883 τὸ
328 1808 568 1900 πραττόμενον
597 1816 753 1900 καθῆκον
783 1803 819 1900 ᾖ,
846 1817 902 1882 καί
928 1806 1013 1900 ύγιεῖ
1038 1817 1185 1883 διαθέσει
1211 1816 1401 1902 ἐνεργῆται·
1432 1808 1481 1894 ώς

173 1916 202 1982 εί
224 1939 275 1993 τις
297 1911 524 2000 σωφροσύνην
545 1907 587 1981 δι’
610 1907 709 1983 ούδὲν
732 1909 818 1983 ἄλλο
840 1906 862 2000 ἢ
884 1905 927 1980 δι’
943 1906 1050 2000 αύτὴν
1070 1911 1301 2000 κατορθώσας
1322 1908 1480 2000 καθάπερ

171 2007 293 2104 Ἰωσὴφ
316 2008 567 2101 ἀναγέγραπται
588 2017 817 2101 πεποιηκέναι.
853 2016 917 2082 τοῦ
938 2015 974 2082 δὲ
995 2007 1122 2095 ἀδίκως
1136 2011 1178 2084 τὸ
1195 2020 1326 2084 δίκαιον
1345 2011 1481 2084 διώκειν

173 2107 194 2200 ἡ
220 2107 384 2201 σαφήνειύ
409 2116 482 2183 ἐστι
506 2108 664 2280 τοιαύτη,
695 2108 845 2182 ἐπὰν
808 2140 850 2183 το
876 2116 1034 2200 καθῆκον
1058 2117 1120 2199 μέν
1141 2139 1193 2195 τις
1214 2115 1367 2201 ἐπιτελῇ,
1398 2139 1481 2200 προ-

121 2221 155 2275 10
174 2216 266 2283 θέσει
292 2217 328 2282 δὲ
349 2215 534 2334 μοχθηρᾷ,
549 2207 650 2295 ώςεί
670 2239 722 2294 τις
744 2206 847 2296 δόξαν
869 2209 935 2301 τὴν
955 2205 1034 2330 παρ’
1058 2205 1258 2333 ἇγθρώποις
1279 2211 1482 2332 θηρώμενος

171 2308 379 2402 κοινωνῆσαι
409 2317 483 2382 τῶν
512 2305 742 2399 ύπαρχύντων
771 2315 920 2430 πένησιν,
952 2302 1035 2397 ὅπερ
1066 2305 1291 2398 ἀπαγορεύων
1318 2305 1338 2381 δ
1365 2306 1481 2399 σωτήρ

173 2434 287 2500 φησιν·
320 2409 397 2482 »ἐὰν
418 2417 519 2499 ποιῇς
540 2406 777 2499 ἐλεημοσύνην,
804 2407 849 2497 μὴ
872 2416 1035 2495 σαλπίσῃς
1057 2410 1250 2497 ἔμπροσθέν
1271 2432 1342 2494 σου,
1365 2406 1481 2496 ὥσπερ

173 2514 206 2582 οἱ
231 2507 412 2600 ύποκριταὶ
433 2514 591 2582 ποωῦσιν
612 2513 650 2580 ἐν
672 2527 746 2592 ταῖς
767 2523 977 2595 συναγωγαῖς
999 2513 1055 2577 καί
1076 2511 1114 2577 ἐν
1131 2525 1205 2590 ταῖς
1227 2501 1406 2597 ρύμαις,”
1387 2534 1482 2589 οπως

173 2615 387 2696 δοξασθῶσιν
414 2603 481 2680 ύπδ
509 2616 583 2680 τῶν
609 2604 838 2696 ἇνθρώπωνι.
880 2605 923 2677 τὸ
946 2611 981 2677 δὲ
1002 2608 1142 2688 δικαίως
1164 2605 1205 2678 τὸ
1228 2605 1348 2679 ἄδικον
1368 2624 1482 2679 ποιεῖν

122 2717 155 2772 15
174 2715 315 2798 νοηθείη
338 2706 390 2792 ἄν,
414 2700 499 2778 ὅταν
520 2712 681 2796 προθέσει
704 2706 746 2778 τὰ
765 2713 947 2797 κρείττονα
965 2723 1076 2776 ποιεῖν
1091 2733 1142 2788 τις
1159 2701 1387 2794 προελόμενος
1400 2702 1481 2795 παρ’

174 2806 317 2894 ἄγνοιαν
342 2811 406 2878 τοῦ
431 2813 540 2878 καλοῦ
560 2803 696 2895 πράττη
719 2805 761 2876 τὰ
782 2812 929 2894 χείρονα·
959 2798 1078 2888 ὁποῖός
1099 2834 1187 2878 ποτε
1207 2811 1325 2894 γέγονε
1347 2810 1482 2886 Παῦλος

173 2905 357 2995 προδιδούς
382 2903 445 2988 τὰς
470 2909 646 2994 ἐκκλησίας
670 2903 759 2977 κατὰ
782 2910 886 2993 ζῆλον
908 2911 1105 2990 θεοσεβείας.
1144 2901 1270 2987 ύδίκως
1292 2902 1390 2974 δὲτὸ
1413 2903 1481 2984 ἄδι-

172 3033 245 3090 κον,
279 2998 365 3078 ὅταν
394 3014 452 3078 καὶ
481 3003 524 3076 τὸ
549 3000 791 3094 πραττόμενον
821 3002 940 3074 ἄδικον
970 2995 991 3092 ᾖ
1021 3009 1078 3074 καί
1109 2999 1130 3093 ἦ
1159 3010 1353 3093 προαίρεσις
1381 3031 1482 3074 κακο-

174 3133 343 3196 ποιητικη.

261 3275 280 3332 θ
298 3273 362 3346 vgl.
380 3273 461 3329 Dent*
480 3276 521 3340 16,
538 3275 581 3331 20.
599 3303 632 3314 -
651 3274 689 3329 12
707 3273 808 3330 matth
825 3275 850 3341 6,
868 3274 892 3327 2.
910 3303 943 3313 -
962 3273 999 3329 l?
1019 3271 1084 3342 vgk
1102 3274 1164 3326 Δώ.
1180 3271 1205 3339 8,
1223 3271 1247 3326 3.

260 3424 278 3479 2
297 3411 470 3480 Uborsohrist
486 3443 509 3480 ι.
519 3425 550 3478 Β.
563 3423 602 3479 im
614 3423 673 3479 οοδ,
687 3423 755 3478 Ven.
767 3423 851 3480 Marc„
864 3441 904 3494 gr.
916 3425 967 3479 534
984 3439 1055 3478 εειοο.
1066 3421 1105 3476 XI
1117 3421 1164 3478 fol.
1176 3421 1244 3477 221ν
1259 3439 1285 3476 u.
1298 3419 1337 3475 im
1349 3419 1431 3479 coisL
1443 3422 1483 3477 VI

174 3508 364 3578 (Monbfauoon
381 3507 452 3564 Bibl.
471 3507 552 3564 Coisl.
570 3525 598 3577 p.
615 3509 667 3576 42).
702 3509 735 3561 In
761 3507 811 3562 dor
832 3505 1089 3562 Oktateuehkatene
1115 3505 1183 3561 wird
1209 3505 1259 3560 das
1280 3505 1429 3576 hagmfflt
1449 3524 1484 3560 ιο

175 3595 255 3650 Dent.
274 3595 314 3658 16,
332 3594 366 3650 20
383 3593 538 3664 nngefflhrt„
574 3591 611 3646 Ει
628 3592 665 3646 ἰοί
681 3591 800 3662 zufflllig
817 3591 937 3646 dieeelbe
956 3591 1052 3658 Stella,
1072 3590 1122 3644 auf
1136 3589 1241 3645 welche
1259 3593 1329 3646 auch
1346 3591 1484 3647 Maximus

176 3678 320 3733 confessor
336 3695 399 3733 zum
415 3678 441 3733 8.
452 3677 531 3732 Brief
544 3677 593 3732 des
605 3676 751 3746 Dionysius
763 3675 933 3747 Areopagita
949 3675 1001 3745 (od.
1014 3673 1094 3730 cord.
1107 3675 1141 3740 ΙΙ,
1157 3674 1241 3732 3161)
1258 3674 1336 3731 MPG
1353 3678 1378 3744 4,
1390 3677 1441 3732 549
1450 3676 1484 3745 Β)

176 3761 302 3832 ειιερὶεῙί,
319 3760 376 3831 ng
388 3761 568 3832 Einloitungl
585 3763 621 3818 1⁰
636 3760 715 3834 παρὰ
733 3757 898 3834 ἀνθρώπων
914 3759 957 3814 Ru
972 3761 976 3828 Ι
993 3760 1031 3816 11
1049 3762 1221 3829 κοινωνῆσαι
1237 3759 1315 3815 Βίιει
1329 3759 1484 3816 Κοείεοίιειι

175 3845 231 3916 vgl.
244 3845 271 3899 Ζ.
284 3848 299 3900 7
316 3846 484 3914 κοινωνήσει
500 3845 535 3900 Ni
550 3846 555 3914 Ι
571 3840 651 3919 ὅπερ]
670 3839 744 3918 ἅπερ
761 3846 804 3901 Ru
819 3847 824 3913 Ι
840 3845 877 3901 17
897 3841 1068 3918 παραδιδούς
1085 3843 1164 3897 ΒΙειε
1182 3843 1253 3899 doeh
1271 3845 1326 3914 vgl.
1339 3845 1364 3899 S.
1378 3847 1419 3913 14,
1431 3845 1482 3912 301

176 3927 320 4001 εὐσεβείας
336 3929 380 3984 Ni.
