3702 5540
295 431 335 494 38
737 423 877 493 Origenes'
894 423 1154 482 Jeremiahomilien.

294 593 415 676 λέγων·
442 583 550 676 »ἡμεῖς
572 592 607 658 δέ
628 583 754 670 πάντες
774 582 1076 678 ἀνακεκαλυμμένῳ
1092 587 1269 677 προσώπῳ
1286 588 1350 679 τῆν
1366 587 1469 676 δόξαν
1483 599 1602 680 κυρίου

292 684 621 776 κατοπτριζόμεθαι.
664 693 799 769 Παῦλος
826 679 888 758 ούν
910 682 1227 777 ἀνακεκαλυμμένον
1249 693 1313 777 ἔχει
1335 687 1377 760 τό
1398 687 1601 776 πρόσωπον·

295 782 336 858 ού
366 785 427 874 γάρ
458 787 522 874 ἔχει
552 784 707 876 αἰσχύνης
729 787 816 874 ἔργα
859 780 879 856 ό
901 785 946 875 μὴ
968 784 1016 870 ώς
1040 794 1173 871 Παῦλος
1192 781 1244 859 ἐόν
1264 795 1516 878 κεκαλυμμένον
1537 793 1601 880 ἐχει

292 883 333 956 τό
355 881 553 973 πρόσωπον.
591 882 639 969 ώς
661 877 723 957 οὖν
745 888 813 955 ἐκεῖ
836 881 874 974 »ῆ
898 884 1034 975 αἰσχύνη
1058 893 1121 960 τοῦ
1140 887 1331 972 προσώπου
1351 917 1418 976 μου
1432 888 1600 978 ἐκάλυψέν

257 1001 347 1074 σμει
373 989 503 1074 εἰρηται
524 989 561 1056 ἐν
582 991 843 1074 τεσσαρακοστῷ
865 991 921 1055 καί
943 991 1051 1074 τρίτῳ
1080 994 1221 1077 Ψαλμῷ,
1252 987 1317 1060 τὸν
1338 985 1445 1060 αύτὸν
1467 987 1600 1078 τρόπον

203 1099 273 1156 227Ι
291 1088 418 1173 εἰρηται
440 1081 575 1156 ἐνθάδε·
600 1081 786 1170 »ἐκάλυψεν
811 1092 948 1172 »φησὶνι
973 1081 1059 1174 ἡμᾶς
1081 1081 1101 1176 ἦ
1123 1082 1239 1176 ἀτιμία
1260 1083 1385 1177 ῆμώνι.
1405 1096 1410 1175 Ι
1430 1082 1513 1162 όσον
1529 1087 1598 1162 ἀτι-

288 1191 365 1274 μίας
387 1185 467 1275 ἔργα
488 1179 709 1274 ἐργαζόμεθα,
731 1181 888 1273 κάλυμμα
908 1184 1027 1272 ἔχομεν
1049 1187 1103 1256 ἐπὶ
1127 1185 1190 1276 τῆν
1211 1193 1353 1274 καρδίαν
1375 1184 1473 1277 ἡμῶν
1494 1196 1597 1280 κείμε-

182 1298 185 1306 “
288 1314 359 1358 νον.
399 1289 427 1354 εἰ
448 1289 595 1374 θέλομεν
617 1281 658 1354 τό
680 1282 836 1372 κάλυμμα
857 1282 898 1356 τό
922 1280 989 1356 ἀπὸ
1013 1291 1074 1374 τῆς
1095 1281 1229 1374 ἀτιμίας
1251 1282 1456 1374 ἀποθέσθαι,
1478 1293 1532 1361 ἐπὶ
1555 1289 1597 1360 τά

288 1389 350 1472 τῆς
377 1389 474 1473 τιμῆς
497 1385 577 1471 έργα
598 1381 865 1472 καταντήσωμεν
886 1389 941 1454 καί
964 1381 1142 1475 νοήσωμεν
1162 1389 1271 1458 ἐκεῖνο
1294 1384 1336 1458 τό
1357 1383 1425 1459 ύπὸ
1448 1395 1513 1462 τού
1534 1412 1597 1460 σω-

238 1498 270 1552 10
288 1490 393 1574 τῆρος
422 1488 612 1572 εἰρημένον
646 1485 718 1553 »ίνα
747 1481 874 1563 πάντες
901 1491 1023 1572 τιμῶσι
1049 1483 1114 1556 τόν
1138 1483 1214 1556 υίὸν
1238 1487 1359 1568 καθώς
1385 1495 1508 1576 τιμῶσι
1535 1487 1598 1560 τὸν

287 1589 447 1674 πατέραι,
478 1579 656 1672 νοήσωμεν
681 1589 737 1653 καί
758 1582 801 1654 τὸ
822 1581 914 1670 παρά
937 1590 988 1673 τᾷ
1011 1579 1197 1672 ἀποστόλῳ
1220 1589 1408 1674 εἰρημένον·
1442 1587 1515 1660 »διὰ
1536 1593 1597 1677 τῆς

287 1678 506 1770 παραβάσεως
526 1689 590 1755 τοῦ
610 1678 719 1770 νόμου
739 1681 803 1753 τὸν
823 1680 911 1754 θεὸν
933 1677 1131 1773 ἀτιμάζειςι.
1167 1679 1186 1756 ό
1209 1690 1336 1768 δίκαιος
1357 1683 1418 1768 >ώς
1437 1693 1519 1780 τιμᾷ
1534 1688 1597 1760 τὸν

287 1789 418 1872 πατέρα
439 1789 519 1876 τιμᾷ
541 1781 604 1854 τόν
625 1780 721 1854 υίόνι.
757 1778 777 1870 ἡ
800 1777 924 1871 ἀτιμία,
947 1775 1034 1854 όταν
1055 1779 1206 1872 ἀτιμάςω
1227 1783 1291 1856 τὸν
1307 1783 1381 1858 υίόν
1399 1782 1498 1875 (αύτῆ
1513 1784 1595 1859 καθ’

287 1881 331 1972 ῆν
353 1879 504 1972 ἀτιμάςω
527 1881 590 1954 τὸν
610 1886 740 1970 πατέρα
761 1877 783 1970 ῆ
805 1879 869 1953 τόν
890 1879 992 1972 υίόνΙ,
1024 1880 1234 1973 ἐπικάλυμμα
1256 1891 1385 1972 γίνεται
1406 1892 1471 1958 τοῦ
1493 1914 1596 1975 προσ-

238 1994 270 2048 15
288 1983 388 2055 ώπου
413 2010 492 2072 μου,
521 1989 578 2053 καί
605 1987 705 2070 λέγω·
741 1989 813 2053 »καὶ
839 1978 1050 2068 ἐπεκάλυψεν
1077 1979 1162 2073 ῆμάς
1183 1980 1205 2073 ἦ
1226 1981 1370 2073 ἀτιμίαι.
1413 1983 1467 2058 διά
1490 1994 1595 2060 τοῦτο

289 2079 473 2172 νοήσαντες
494 2082 535 2154 τό
557 2079 713 2172 κάλυμμα
735 2080 776 2152 τὸ
798 2085 1008 2170 ἐπικείμενον
1031 2075 1098 2154 άπὸ
1122 2089 1196 2154 τών
1217 2089 1279 2173 τῆς
1300 2083 1456 2175 αἰσχύνης
1477 2088 1595 2176 ἔργων.

287 2178 355 2254 άπὸ
378 2189 452 2254 τῶν
472 2189 535 2273 τῆς
556 2179 689 2273 ἀτιμίας
710 2177 884 2269 πράξεων,
916 2181 1150 2271 περιελώμεθα
1172 2182 1214 2256 τό
1235 2179 1401 2274 κάλυμμα
1437 2182 1494 2273 ἐφ’
1518 2183 1596 2277 ἡμῖν

286 2284 378 2353 ἐστιν
404 2289 662 2372 περιαιρεθῆναι
689 2279 730 2355 τὸ
752 2279 921 2372 κάλυμμα,
950 2278 1088 2365 ούδενός
1110 2281 1219 2354 ἄλλου
1241 2285 1340 2356 ἐστίν.
1383 2281 1506 2374 >ῆνίκα<
1532 2285 1595 2376 γάρ

284 2387 503 2470 »ἐπέστρεφεν
523 2382 614 2474 πρὸς.
631 2381 752 2470 κύριον
774 2387 914 2471 Μωσῆς.
947 2400 1142 2471 περιηρεῑτο
1165 2381 1207 2454 τὸ
1228 2379 1405 2473 κάλυμμα.
1441 2379 1523 2478 όρᾷς
1546 2383 1594 2469 ώς

233 2490 267 2544 20
285 2487 411 2572 Μωσῆς
439 2511 528 2556 ποτε
558 2479 763 2571 λαμβάνεται
791 2489 848 2553 καὶ
878 2485 932 2552 ἐπὶ
963 2488 1028 2554 τοῦ
1054 2489 1156 2567 λαοῦ;
1190 2475 1274 2554 όσον
1301 2479 1363 2556 ούκ
1389 2488 1593 2575 ἐπέστρεφεν

284 2580 369 2668 πρός
390 2580 509 2670 κύριον
532 2581 703 2672 σύμβολον
725 2573 776 2653 όεν
798 2587 862 2654 τοῦ
884 2586 969 2655 λαοῦ
991 2587 1055 2656 τοῦ
1075 2580 1120 2672 μῆ
1142 2585 1412 2671 ἐπιστρέφοντος
1432 2583 1520 2670 πρὸς
1537 2582 1593 2654 κύ-

283 2709 368 2770 ριον,
383 2679 539 2772 κάλυμμα
555 2682 642 2770 είχεν
655 2687 867 2770 ἐπικείμενον
882 2676 990 2754 αότοῦ
1004 2688 1055 2770 τῷ
1071 2681 1262 2771 προσώπῳ·
1285 2675 1343 2754 ότε
1359 2687 1393 2753 δὲ
1408 2686 1590 2773 ἐπέστρεφε

282 2780 370 2870 πρὸς
399 2779 518 2871 κύριον
545 2780 715 2871 σύμβολον
742 2779 919 2872 γενόμενος
944 2787 1018 2852 τῶν
1043 2777 1325 2869 ἐπιστρεφόντων
1350 2780 1437 2868 πρὸς
1462 2781 1591 2874 κύριον.

283 2880 364 2954 τότε
389 2899 600 2971 »περιῃρεῖτο
624 2879 664 2953 τὸ
685 2879 871 2972 κάλυμμαι.
906 2886 964 2951 καί
984 2875 1044 2968 ούχ
1067 2880 1144 2953 οῖον
1166 2875 1185 2952 ό
1207 2880 1289 2965 θεὸς
1310 2877 1404 2970 αύτῷ
1426 2886 1591 2955 ἐκέλευεν·

232 2987 265 3040 25
283 2988 429 3069 περίθου
454 2981 495 3053 τὸ
522 2978 678 3071 κάλυμμα
705 2978 759 3066 Ιού
786 2980 848 3071 γάρ
869 2980 962 3050 εἶπεν
985 2975 1004 3051 ό
1026 2979 1142 3070 κύριος
1163 2979 1250 3070 πρὸς
1271 2987 1414 3070 Μωσῆν·
1444 2989 1591 3069 περίθου

282 3080 324 3152 τὸ
346 3078 527 3171 κάλυμμα),
561 3077 638 3152 ἀλλ’
660 3081 746 3152 ἰδών
768 3085 909 3169 Μωσῆς,
939 3072 994 3150 ότι
1021 3076 1062 3152 ού
1087 3078 1229 3153 δύναται
1255 3075 1275 3150 ό
1301 3077 1384 3163 λαός
1414 3086 1497 3152 ἰδεῖν
1527 3079 1592 3171 τῆν

283 3177 387 3265 δόξαν
409 3177 525 3264 αύτού,
548 3177 629 3252 τότε
652 3185 802 3252 ἐπετίθει
827 3179 885 3251 »τὸ
908 3175 1063 3269 κάλυμμα
1084 3182 1140 3251 ἐπί
1161 3179 1203 3253 τό
1228 3176 1449 3268 πρόσωπονι,
1471 3187 1528 3252 καὶ
1551 3177 1592 3254 ού

281 3284 476 3370 περιέμενεν
497 3279 583 3352 θεὸν
597 3285 755 3368 λέγοντα·
777 3284 936 3367 περιελοῦ
958 3278 999 3351 τό
1013 3276 1178 3369 κάλυμμα,
1199 3276 1311 3370 >ῆνίκα
1327 3277 1370 3352 ἀν
1385 3284 1591 3370 ἐπέστρεφεν

281 3378 370 3466 πρός
390 3378 529 3465 κύριον.

230 3491 264 3545 30
365 3489 392 3551 3.
419 3485 527 3552 Τοῦτο
556 3471 618 3552 οὖν
643 3487 843 3570 γέγραπται,
871 3480 927 3549 ἵνα
946 3486 1001 3550 καί
1024 3475 1072 3562 σύ,
1101 3477 1142 3551 τὸ
1164 3476 1320 3569 κάλυμμα
1342 3483 1509 3564 ἐπιτιθείς
1530 3502 1592 3552 σου

281 3585 333 3669 τᾷ
365 3579 542 3670 προσώπῳ
573 3577 628 3651 σιά
659 3587 734 3652 τῶν
764 3584 824 3669 τῆς
855 3576 989 3668 ἀτιμίας
1018 3584 1074 3648 καὶ
1100 3584 1174 3649 τών
1201 3585 1262 3667 τῆς
1288 3578 1444 3668 αἰσχύνης
1471 3581 1590 3668 ἔργων,

280 3673 384 3761 αύτός
406 3674 528 3768 ἐργάσῃ
548 3682 605 3748 καί
620 3678 661 3751 τὸ
676 3683 934 3768 περιαιρεθῆναι
948 3678 990 3751 τὸ
1005 3675 1169 3768 κάλυμμα.
1205 3677 1264 3750 ἐὰν
1279 3681 1483 3767 ἐπιστρέψης
1504 3678 1591 3767 πρὸς

196 3793 260 3850 228r
281 3777 412 3867 κύριον,
435 3775 516 3850 τότε
538 3797 719 3868 περιαιρεῑς
740 3779 782 3850 τὸ
804 3776 978 3870 κάλυμΙμα,
1000 3784 1056 3850 καὶ
1072 3775 1186 3850 ούκέτι
1201 3781 1285 3865 ἐρεῖς
1300 3777 1342 3850 τὸ
1361 3773 1591 3865 »ἐπεκάλυψεν

282 3873 367 3967 ἡμᾶς
393 3873 414 3968 ἦ
440 3874 557 3969 ἀτιμία
587 3875 713 3968 ῆμώνι.
759 3879 834 3953 οἷον
864 3875 948 3969 όργῆ
979 3881 1168 3968 ἐπικειμένη
1195 3885 1237 3966 τῆ
1264 3885 1352 3968 ψυχῆ
1380 3871 1477 3965 ἡμῶν
1503 3873 1590 3946 κατά

368 4075 384 4132 1
404 4075 430 4129 Π
442 4075 506 4132 Κοτ.
524 4079 548 4142 3,
566 4076 606 4131 18.
624 4105 656 4115 -
674 4074 694 4129 4
711 4074 783 4130 Ρεελ.
801 4077 842 4138 43,
860 4077 901 4131 16.
920 4106 952 4114 -
972 4075 1012 4130 10
1029 4074 1090 4129 Joh.
1103 4077 1127 4140 5,
1145 4075 1186 4130 23Ι
1204 4103 1237 4112 -
1257 4073 1292 4128 11
1313 4072 1390 4127 Ιίσαι.
1402 4073 1426 4138 2,
1444 4071 1485 4127 23.
1505 4101 1536 4110 -
1555 4071 1590 4126 12

280 4159 345 4314 gg}
358 4158 457 4300 «Ιίῳλὲοῧτ,
470 4161 563 4301 2331ξ
582 4159 628 4216 18.
648 4159 694 4218 24.
713 4159 764 4215 26.
782 4159 820 4215 27
841 4158 905 4230 vgl.
918 4159 1006 4216 Exod.
1019 4162 1061 4226 34,
1074 4161 1115 4215 34.
1130 4161 1202 4214 3511.
1215 4158 1240 4210 II
1253 4158 1317 4212 Kor.
1330 4159 1354 4223 3,
1368 4157 1408 4212 13.
1421 4159 1462 4212 16.
1475 4185 1507 4196 -
1520 4155 1590 4212 2811.

365 4408 439 4469 δῶν
455 4409 679 4482 κεκαλυμμένον]
692 4408 963 4482 ἀνακεκαλυμμένον
978 4413 995 4468 S
1011 4413 1016 4481 Ι
1031 4413 1050 4468 5
1062 4406 1090 4482 μ’
1104 4413 1154 4467 καί
1166 4405 1191 4482 γ’
1204 4410 1222 4465 S
1237 4413 1241 4478 Ι
1258 4409 1296 4466 13
1310 4405 1378 4478 αὐτὴ
1391 4408 1461 4464 veo
1474 4405 1570 4476 αἰπῆδ
1585 4409 1587 4472 ξ

281 4499 319 4554 14
340 4499 356 4569 ἡ
374 4497 425 4556 τὸν
442 4495 504 4554 υίύν
522 4496 637 4553 είτεὶυλιί
654 4498 692 4552 Co
707 4499 712 4566 Ι
728 4499 767 4553 22
787 4491 874 4552 αὑτοῦ
893 4497 937 4552 Gh
953 4497 957 4566 Ι
973 4496 1012 4551 24
1032 4493 1084 4566 οὐχ
1103 4488 1175 4565 σίσν]
1194 4491 1257 4565 οὐχί
1275 4493 1390 4562 (11125
1408 4493 1541 4564 περίθουΙ
1559 4491 1589 4545 S¹

279 4587 402 4656 περιθοῦ
420 4583 452 4638 S*
469 4584 473 4651 Ι
489 4583 528 4638 32
547 4585 765 4656 περιαιρεθῆναι
782 4581 808 4635 V
825 4585 1048 4653 περιερρηθῆναι
1066 4581 1091 4634 S.
