3658 5566
548 485 598 542 Die
615 487 780 560 Fragmenta
798 505 846 544 εαε
864 489 912 546 der
930 490 1193 562 Prophetenkatene
1459 493 1518 554 261

214 642 291 717 τότε
325 647 387 737 γὰρ
418 653 514 737 ἐρεῖς·
551 642 624 722 »ότι
652 647 792 740 λαλήσει
819 651 956 773 εἰρήνην
978 658 1032 725 ἐπὶ
1054 650 1119 722 τὸν
1141 649 1228 723 λαὸν
1250 644 1384 721 αάτοῦι.
1427 643 1519 720 ἀδο-

213 753 409 835 λέσχηοον
432 740 495 820 οῦν
516 753 558 820 ἐν
580 757 695 821 νυκτὶ
717 757 781 823 τοῦ
802 751 976 843 παρόντος
997 760 1136 833 αίῶνος
1164 746 1204 822 οῦ
1225 745 1288 839 γάρ
1310 752 1382 820 ἐστί
1403 773 1457 820 σοι
1481 743 1518 837 »ἡ

212 841 305 936 πάλη
327 844 414 936 πρὸς
436 849 516 938 αίμα
537 855 592 920 καί
615 847 731 939 σάρκα,
752 847 941 973 ἀλλὰπρὸς
956 848 1145 942 τάςάρχάς,
1160 846 1246 938 πρὸς
1261 847 1322 930 τὰς
1336 851 1520 932 ἐ·ξουσίαςι

215 942 297 1018 »οῦκ
320 945 477 1030 οίδας’
435 977 507 1038 γαρ,
530 944 617 1021 πότε
640 944 658 1020 ό
680 949 795 1040 κύριος
818 957 878 1042 τῆς
894 954 1032 1035 οίκίας”
1017 980 1156 1041 ερχεται,
1180 945 1246 1032 όψὲ
1261 977 1281 1036 η
1265 943 1521 1036 μεσονυκτίου

178 1040 234 1133 αή
257 1041 602 1136 ἀλεκτοροφωνίας
580 1077 600 1138 η
623 1055 727 1139 πρωί
750 1049 795 1140 μή
818 1054 936 1124 ἐλθῶν
958 1057 1119 1141 ἐξαίφνης
1142 1045 1271 1138 εῦρήσει
1292 1043 1377 1137 ῦμᾶς
1397 1045 1519 1117 καθεῦ-

212 1079 365 1228 όονταςι.
407 1155 464 1220 καὶ
485 1145 602 1221 πόλιν·
635 1155 681 1220 »εί
691 1149 766 1270 γὰρ
788 1145 879 1238 ᾔδεις
905 1159 988 1244 ποία
1011 1156 1146 1238 φυλακή
1169 1144 1187 1220 ό
1209 1147 1395 1236 κλέπτης”
1380 1173 1518 1234 ερχεται,

212 1241 482 1335 ἐγρηγόρησας“
463 1275 506 1319 αν
527 1255 582 1319 καί
605 1244 667 1321 οῦκ
690 1245 732 1320 ἀν
754 1253 866 1331 εἴασας
888 1221 1085 1340 διορῦγῆναι
1107 1251 1172 1338 τήν
1195 1253 1305 1320 οίκίαν
1326 1270 1418 1318 σουι.

586 1470 641 1536 Nr.
664 1469 742 1538 LXI.
785 1471 910 1557 Klagel.
924 1471 945 1536 J
948 1495 1040 1538 erem
1055 1477 1083 1552 2,
1101 1477 1147 1538 19.

291 1605 404 1705 Ἆρον
429 1617 530 1709 πρὸς
558 1613 682 1689 αῦτόν
707 1614 842 1705 χειρός
869 1643 940 1692 σου
967 1615 1020 1690 0ιά
1043 1624 1104 1708 τῆς
1124 1623 1199 1688 τῶν
1220 1619 1338 1687 καλῶν
1359 1617 1520 1703 ἐργασίας.

162 1729 195 1782 10
213 1711 254 1786 οῦ
279 1723 356 1806 περί
383 1725 457 1789 τῶν
482 1713 662 1805 τυχόντων
689 1711 707 1788 ό
731 1713 834 1807 ἀγῶν,
867 1714 909 1790 δι’
932 1714 1080 1807 ἀπορίαν
1105 1721 1170 1788 τοῦ
1190 1721 1290 1786 θείου
1311 1710 1415 1802 λόγου
1437 1720 1521 1784 τῶν

213 1823 294 1886 σῶν
316 1815 549 1890 ἐκλειπόντων
567 1823 736 1906 νηπίων,
753 1821 764 1905 ΙΙ
779 1825 836 1888 καὶ
851 1821 1044 1906 ἱσταμένων
1065 1811 1121 1888 ἐπ>
1137 1812 1255 1904 ἀρχῆς
1277 1819 1416 1885 πασῶν
1436 1811 1519 1899 ἐξό·
1542 1825 1593 1879 340

213 1919 308 1998 όων,
331 1923 405 1988 τῶν
426 1921 582 1988 ἐντολῶν
604 1921 667 1988 τοῦ
688 1923 783 2000 θεοῦ,
804 1924 861 1988 καί
882 1921 1050 2005 προβῆναι
1068 1914 1112 2005 μή
1129 1921 1326 2004 δυναμένων
1341 1911 1422 1986 ἀνευ
1436 1919 1521 1985 θεοῦ

213 2022 403 2104 συνεργείας
425 2023 481 2087 καί
504 2023 566 2088 τοῦ
590 2021 810 2106 στηρίζοντος
832 2016 941 2107 ἄρτου
962 2021 1111 2103 καρδίαν.

580 2218 637 2285 Nr.
658 2220 753 2286 LXII.
796 2221 919 2307 KIagel.
934 2221 1048 2288 Ierem.
1063 2226 1092 2297 2,
1109 2225 1156 2287 20.

162 2386 194 2438 15
300 2371 364 2438 Τοῦ
398 2363 583 2455 προφήτου
616 2373 900 2456 παραινέσαντος,
931 2363 1141 2455 Ἰερουσαλήμ
1177 2369 1317 2453 ἐπείσθη
1345 2371 1400 2436 καὶ
1431 2371 1519 2454 λέγει

212 2463 299 2553 πρὸς
321 2465 385 2537 τόν
407 2464 505 2538 θεόν·
537 2465 599 2556 »μή
623 2461 841 2554 ἀποστρέψης
863 2466 904 2538 τό
926 2463 1116 2556 πρόσωπόν
1138 2489 1199 2536 σου
1221 2460 1277 2536 ἀπ’
1293 2468 1404 2552 ἐμοῦι,
1430 2469 1519 2534 »ἐπί-

212 2575 343 2650 βλεφον
365 2562 416 2636 ἐπ’
432 2569 487 2655 ἐμὲ
508 2573 563 2636 καὶ
585 2561 725 2654 ἐλέησόν
746 2593 816 2654 μει,
846 2566 909 2656 »μή
932 2574 982 2656 τῷ
1005 2571 1106 2654 θυμῷ
1129 2587 1192 2636 σου
1213 2569 1346 2651 ἐλέγξης
1366 2591 1415 2652 με,
1437 2567 1519 2653 μηδὲ

214 2670 256 2751 τῇ
271 2659 371 2752 ,ἀργῇ
401 2687 462 2737 σου
487 2662 668 2752 παιόεῦσης
693 2693 762 2754 μει.
803 2673 930 2754 μείζων
952 2661 1176 2754 ἀνθρωπίνης
1199 2662 1333 2750 φύσεως
1354 2659 1374 2752 ἡ
1397 2659 1519 2752 πληγή.

214 2763 289 2834 οίῦα
316 2770 493 2852 παραβᾶσα
520 2763 583 2836 τόν
611 2763 718 2854 νόμον
744 2771 801 2835 καὶ
827 2782 900 2847 τοῖς
921 2769 1083 2836 ἐντεῦθεν
1104 2767 1286 2852 ἐπιτιμίοις
1306 2759 1518 2851 ἀποκειμένη,

162 2879 197 2933 20
213 2865 251 2931 ίν
274 2862 325 2944 οίς
346 2867 496 2934 ἐστικαὶ
517 2862 559 2934 τό
584 2871 694 2952 »φαγή
717 2863 760 2935 τὰ
782 2867 904 2950 ἔκγονα
927 2867 988 2951 τῆς
1008 2869 1139 2945 κοιλίας
1160 2887 1229 2946 σου,
1250 2866 1332 2950 κρέα
1353 2864 1439 2932 υίῶν
1458 2882 1520 2932 σου

213 2971 270 3032 καὶ
291 2970 494 3052 θυγατέρων
516 2987 606 3036 σουι.
641 2961 797 3052 ἐνόμιζον
818 2963 883 3046 ἕως
906 2959 1046 3051 ἀπειλῆς
1068 2963 1153 3034 εἶναι
1172 2961 1215 3032 τὰ
1231 2958 1375 3051 ῥήματα·
1398 2961 1518 3049 ἐγνων.

213 3059 320 3150 κύριε,
357 3055 412 3134 ότι
451 3057 488 3134 »ό
525 3058 629 3151 νόμος
659 3085 721 3134 σου
752 3058 926 3152 ἀλήθειαι.
973 3065 1111 3148 ίερέως
1147 3065 1182 3130 δὲ
1217 3066 1273 3130 καὶ
1307 3057 1522 3151 προφήτου

215 3160 349 3250 σφαγήν
371 3157 433 3234 οῦκ
455 3158 633 3251 ἐπυθόμην
654 3166 692 3233 ἐν
713 3168 803 3254 μέσῳ
827 3168 903 3252 νεῷ.

573 3366 630 3434 Nr.
650 3367 762 3433 LXIII.
805 3367 928 3452 Klagel.
943 3365 964 3430 J
967 3389 1058 3432 erem.
1074 3373 1101 3447 2,
1116 3371 1165 3432 21.

164 3527 197 3581 25
297 3507 367 3584 Ἐπί
389 3519 458 3604 γῆς
479 3505 566 3604 ήσαν
588 3517 777 3601 ἐρριμμένοι
795 3509 923 3595 πάντες
942 3515 975 3582 οί
991 3505 1031 3583 δι’
1047 3506 1182 3600 ήλικίαν
1196 3509 1282 3600 πρὸς
1297 3509 1378 3592 τοῦς
1392 3507 1524 3591 πόνους

215 3609 386 3697 ἀδύνατοι,
409 3620 520 3703 θέαμα
542 3621 620 3685 λίαν
643 3611 801 3696 ἐλεεινόν,
825 3609 873 3695 ῶς
891 3618 947 3684 καὶ
970 3617 1073 3684 νέων
1095 3608 1205 3700 σφαγή
1228 3616 1282 3681 καί
1305 3616 1524 3698 παρθένων

214 3715 312 3792 γείθε
346 3719 401 3783 καὶ
436 3711 576 3784 τούτων
609 3719 734 3802 σφαγαί
764 3718 846 3802 πρὶν
875 3717 922 3794 είς
957 3710 1050 3801 ζωήν
1083 3715 1291 3799 πικροτέραν
1327 3705 1525 3799 ἀπάγεσθαι.

216 3813 350 3896 ἔξοδοι
386 3817 421 3882 δὲ
457 3817 526 3902 γῆς
554 3811 598 3883 τὰ
627 3809 770 3896 βιωτικὰ
799 3805 994 3899 πράγματα,
1025 3813 1063 3881 ἐν
1094 3809 1145 3890 οίς
1175 3805 1450 3900 ἐκοιμήθησαν
1479 3806 1524 3896 μή

302 3990 318 4043 l
342 3988 415 4042 Psal.
432 3989 474 4058 84,
492 3991 516 4046 9.
543 4021 576 4029 -
604 3991 621 4045 2
645 3990 815 4060 Eph.6,12.
839 4019 872 4027 -
895 3987 915 4045 4
937 3989 1024 4043 Mark.
1044 3992 1083 4054 13,
1102 3989 1143 4044 35.
1161 3989 1233 4044 -0
1256 3985 1525 4053 21012443.-

219 4072 256 4127 13
275 4071 338 4142 vgl.
354 4073 425 4127 Psal.
439 4075 496 4141 103,
510 4078 550 4130 15.
562 4103 595 4114 -
608 4075 644 4129 10
662 4072 734 4129 ΡεαΙ.
747 4075 788 4136 20,
801 4074 825 4128 9.
834 4073 869 4112 ⁸-
883 4073 955 4127 Psal.
968 4075 1009 4134 24,
1023 4075 1064 4130 16.
1076 4102 1110 4112 -
1125 4072 1161 4128 17
1182 4070 1327 4138 Psal.6,1.
1341 4099 1374 4121 -r
1387 4070 1427 4126 20
1444 4068 1525 4124 θεοῦ

216 4156 321 4299 Ξξὲδίαυῗ
349 4187 380 4196 -
408 4157 447 4212 22
473 4158 702 4222 Ρεο1.118,142.
730 4187 762 4197 -
788 4157 824 4213 25
850 4156 981 4227 Origenes
1008 4157 1050 4211 las
1076 4155 1128 4210 mih
1149 4155 1244 4221 QLue.
1262 4173 1288 4209 u.
1307 4171 1345 4209 απ
1371 4159 1424 4225 γῆν
1448 4153 1526 4222 (τῶν)

302 4391 320 4447 0
343 4390 437 4464 πρὸςθ]
455 4395 504 4448 καί
522 4395 592 4460 014
614 4393 788 4466 μεσονυκτίῳ
807 4393 872 4460 α15
895 4387 1141 4462 ἀλεκτρυοφωνίας
1159 4391 1195 4454 οΙ
1216 4391 1251 4447 15
1276 4387 1341 4458 Τοῦ]
1360 4389 1458 4443 vorher
1474 4395 1526 4443 τοῦ

218 4472 304 4530 αὐτοῦ
322 4493 337 4530 ο
357 4478 360 4542 Ι
381 4471 499 4546 ἐπείσθη
517 4476 580 4531 vat.
599 4495 640 4548 gr.
659 4479 769 4544 1153154
787 4473 896 4545 ἐπείσθη
920 4476 947 4530 α*
970 4473 1073 4544 ἐπίσθη
1096 4479 1165 4542 ⁰¹01
1185 4475 1226 4531 20
1249 4469 1354 4545 ἔγγονα
1370 4472 1461 4540 0120
1479 4469 1526 4539 ἐμ·

216 4557 294 4628 μέσον
317 4577 332 4614 c
355 4570 360 4626 1
383 4567 479 4617 ναῶο
503 4565 507 4630 Ι
532 4561 571 4619 20
589 4560 751 4634 παρθένων]
769 4567 801 4624 ÷
813 4557 992 4630 αίγμαλιυοία
1011 4560 1171 4615 Liotzmsnn
1189 4561 1260 4616 nach
1278 4558 1351 4614 Lxx
1370 4557 1375 4625 1
1397 4557 1434 4614 27
1454 4552 1525 4624 εἴθε]

218 4641 296 4714 είγεῖ
314 4645 478 4700 Koetsehau.
