3768 5544
354 461 393 520 54
797 457 936 527 Οείςοεαί
954 457 1214 515 δεεειυίαοοιαίὶίευ.

353 620 399 700 είς
422 622 484 707 γῆν
507 615 693 708 ἀλλοτρίαν
715 627 770 690 καὶ
791 629 1026 710 προσκυνείτω
1050 621 1130 703 τοῦς
1151 619 1267 706 θεούς,
1299 616 1357 703 οδς
1379 621 1480 694 ἔνδον
1499 618 1659 710 προσεκῦ

354 740 453 804 νησεν
483 715 672 806 γενόμενος.
720 723 784 807 ἔξω
817 717 1022 810 φιλάργυρος
1046 723 1136 793 ἔστω
1163 717 1231 792 ἀπὸ
1258 728 1319 811 τῆς
1345 724 1519 811 ἐκκλησίας
1546 725 1658 812 ἐκβλη-

354 822 438 902 θείς,
466 825 709 907 γαστρίμαργος
732 822 796 906 ἔξω
819 822 906 891 ἔστω
930 827 991 910 τής
1013 825 1189 909 ἐκκλησίας
1211 817 1396 909 γενόμενος.
1440 827 1548 892 ταῦτα
1569 818 1657 892 κατὰ

267 923 334 979 237ν
352 924 431 1004 μίαν
454 926 695 1006 τροπολογίαν,
718 923 772 990 ίνα
793 919 838 1008 μὴ
861 927 923 990 νῦν
943 917 1208 1010 περιεργὰςωμαι
1232 926 1237 1009 Ι
1261 920 1305 991 τὰ
1325 916 1410 1010 ὑπὲρ
1432 918 1582 1009 ἐμαυτὸν
1602 927 1656 991 καὶ

318 1034 334 1086 5
352 1025 428 1104 περὶ
450 1021 510 1105 τῆς
532 1022 601 1106 γῆς,
623 1027 701 1108 περὶ
723 1011 762 1108 ής
784 1021 878 1090 εἶπεν
901 1014 921 1090 δ
943 1017 1071 1110 σωτήρ·
1097 1019 1155 1092 »τὸ
1178 1015 1343 1110 ήμέτερον
1364 1027 1416 1105 τίς
1431 1020 1532 1092 δῶσει
1545 1015 1654 1109 ἁμῖν;ι

351 1122 407 1185 καλ
429 1109 484 1186 ότι
505 1122 686 1208 γενομένης
707 1117 969 1210 προσκυνήσεως
990 1124 1026 1191 ἐν
1048 1127 1091 1208 τῇ
1112 1127 1155 1209 γῇ
1176 1148 1271 1202 τινος
1292 1113 1405 1203 οὕτως
1427 1115 1446 1192 δ
1468 1119 1549 1203 θεὸς
1571 1117 1657 1210 ῶκο-

353 1209 496 1304 νόμησεν
523 1220 728 1309 ἐκβληθήναί
754 1246 848 1301 τινας
875 1215 943 1291 ἀπὸ
970 1225 1031 1309 τῆς
1059 1221 1180 1291 ἑαυτοῦ
1206 1227 1262 1292 καὶ
1284 1224 1400 1292 ἐλθεῖν
1421 1225 1476 1291 ἐπὶ
1498 1219 1562 1310 τὴν
1584 1225 1656 1310 γῆν,

349 1321 427 1402 περὶ
449 1306 489 1403 ής
513 1319 719 1406 γεΙγραπται
753 1317 888 1403 »ἀκουε,
914 1315 1057 1408 Ἰσραήλ·
1090 1328 1124 1390 τί
1150 1313 1205 1392 ότι
1231 1326 1268 1392 ἐν
1294 1327 1335 1408 γῇ
1362 1327 1436 1391 τῶν
1457 1323 1593 1409 ἐχθρῶν
1616 1319 1658 1404 εί,·
1680 1335 1729 1390 169

351 1421 592 1506 συνελογίσθης
612 1415 696 1503 μετὰ
719 1424 791 1488 τῶν
812 1415 1093 1504 καταβαινόντων
1113 1425 1160 1503 εἰς
1182 1413 1274 1512 ήδου.
1310 1424 1525 1510 ἐγκατέλιπες
1546 1417 1658 1508 πηγήν

301 1534 334 1588 10
352 1520 439 1602 ζωῆς
465 1513 528 1587 τὸν
555 1515 681 1602 κόριον.
725 1524 768 1605 τῇ
795 1512 865 1609 όδῴ
894 1523 956 1589 τοῦ
983 1523 1067 1589 θεοῦ
1089 1523 1118 1590 εί
1137 1518 1341 1610 ἐπορεύθης,
1368 1517 1534 1608 κατῴκεις
1556 1515 1599 1588 ἀν
1620 1521 1658 1590 ἐν

351 1611 467 1702 εἰρήνη
490 1614 552 1686 τὸν
574 1619 683 1686 αἰῶνα
704 1612 859 1704 χρόνονι.

435 1719 508 1784 Νῦν
531 1707 593 1786 οὖν
615 1719 652 1786 ἐν
674 1722 716 1804 γῇ
739 1712 904 1808 ἀλλοτρίᾳ
925 1721 1030 1807 ἐσμέν,
1051 1723 1108 1788 καὶ
1130 1713 1297 1808 εὐχόμεθα
1319 1717 1360 1790 τὸ
1383 1722 1541 1790 ἐναντίον
1562 1721 1657 1806 ποιή-

351 1836 419 1898 σαι,
443 1810 490 1896 ῶς
512 1818 674 1903 ἐποίησαν
696 1819 728 1886 οἱ
749 1819 817 1888 υἱοὶ
838 1812 964 1906 Ἰσραὴλ
986 1821 1022 1888 ἐν
1045 1824 1088 1907 τή
1110 1825 1151 1906 γή
1175 1826 1218 1907 τῇ
1241 1813 1325 1910 ἁγίᾳ.
1369 1821 1490 1890 ἐκεῖνοι
1511 1821 1573 1905 μὲν
1594 1815 1657 1905 γὰρ

351 1911 406 1998 [τὰ
436 1910 610 2006 ἀλλότρια]
638 1919 675 1986 ἐν
697 1922 741 2004 τῇ
762 1922 805 2003 γῇ
827 1923 868 2004 τῇ
895 1910 972 2008 ἁγίᾳ
994 1914 1187 2008 ἀλλοτρίοις
1208 1915 1475 2007 προσεκύνησαν·
1508 1911 1600 2006 ἡμεῖς
1621 1921 1657 1986 δὲ

300 2031 333 2083 15
351 2017 388 2082 ἐν
409 2009 572 2106 ἀλλοτρίᾳ
593 2022 635 2104 γῇ
657 2011 720 2086 τὸν
739 2011 924 2106 ἀλλότριον
939 2022 1001 2106 τῆς
1015 2023 1074 2107 γῆς
1089 2023 1343 2108 προσκυνοῦμεν
1358 2012 1451 2102 θεόν,
1474 2013 1658 2100 ἀλλότριον

352 2119 423 2183 τῶν
457 2118 512 2185 ἐπὶ
547 2119 607 2204 γῆς
640 2111 863 2203 πραγμάτων·
905 2114 996 2205 ἀρχει
1029 2124 1091 2207 μὲν
1124 2117 1186 2208 γὰρ
1220 2112 1252 2190 >ό
1288 2117 1403 2206 ἀρχων
1433 2123 1497 2189 τοῦ
1532 2121 1657 2197 αἰῶνος

351 2211 488 2284 τούτου
509 2211 645 2300 ἐνθάδε,
667 2221 723 2285 καὶ
746 2211 927 2304 ἀλλότριος
946 2223 1018 2288 τῶν
1039 2221 1125 2290 υἱῶν
1147 2213 1253 2288 αὐτοῦ
1275 2221 1368 2288 ἐστιν
1391 2211 1411 2286 ό
1433 2213 1522 2298 θεός.
1558 2211 1656 2287 ἀλλό-

350 2340 449 2402 τριον
474 2317 510 2384 δὲ
536 2311 580 2384 ἁν
609 2318 693 2385 εἴπω
720 2311 760 2384 οῦ
787 2320 891 2386 τοῦτο
920 2321 1023 2404 λέγω·
1056 2313 1097 2387 οῦ
1121 2325 1286 2388 κτίσαντα
1312 2315 1374 2386 τὸν
1395 2311 1537 2406 κόσμον,
1569 2311 1655 2386 ἀλλὰ

350 2408 533 2500 ἀλλότριον
556 2419 619 2485 τοῦ
639 2419 757 2500 κυρίου
778 2419 840 2503 τῆς
861 2420 987 2499 κακίας,
1010 2411 1195 2504 ἀλλότριον
1217 2411 1495 2503 τῶνπαρόντων
1510 2409 1655 2503 ἁμαρτή·

298 2529 332 2585 20
349 2509 475 2601 μάτων.
510 2517 660 2601 καίτοιγε
681 2521 737 2584 καὶ
757 2519 921 2596 θέλοντες
942 2513 1005 2586 τὸν
1028 2511 1210 2605 ἀλλότριον
1232 2523 1305 2587 τῶν
1319 2521 1380 2606 τῆς
1397 2511 1560 2604 ἁμαρτίας
1575 2540 1655 2601 πρα·

350 2610 489 2701 γμὰτων
510 2631 712 2702 προσκυνεῖν
734 2611 819 2685 θεὸν
840 2617 878 2686 ἐν
899 2622 941 2703 τῇ
964 2621 1005 2705 γῇ
1029 2613 1135 2702 ταύτῃ
1153 2621 1213 2705 τής
1227 2615 1419 2698 κακώσεως,
1444 2619 1476 2683 τί
1491 2619 1656 2702 ποιοῦμεν
1711 2687 1717 2696 ,

350 2718 481 2803 ἰ’δωμεν.
524 2709 566 2783 οῦ
590 2717 741 2801 λέγομεν·
775 2720 867 2796 »πῶς
893 2710 1028 2806 ήσωμεν
1049 2713 1120 2804 τήν
1142 2713 1236 2805 ςδδήν
1257 2723 1375 2804 κυρίου
1397 2719 1452 2785 ἐπὶ
1475 2719 1534 2804 γῆς
1556 2709 1655 2784 ἀλλο·

351 2822 478 2903 τρίαςι;
500 2808 598 2884 ἀλλά·
621 2819 696 2895 πῶς
718 2805 852 2902 ήσωμεν
874 2813 938 2903 τήν
959 2812 1053 2905 ᾠδήν
1076 2822 1194 2903 κυρίου
1215 2811 1276 2887 οῦκ
1300 2819 1354 2886 ἐπὶ
1378 2820 1438 2904 γής
1460 2809 1655 2901 ἀλλοτρίας,·

348 2911 476 2984 τούτου
497 2908 607 2984 τόπον
631 2917 794 3000 ζητοῦμεν
816 2919 880 2984 τοῦ
901 2909 993 3006 ᾄδειν
1013 2914 1077 3003 τήν
1092 2912 1186 3004 ᾠδήν
1200 2920 1328 3004 κυρίου,
1351 2910 1463 2986 τόπον
1478 2918 1541 2984 τοῦ
1554 2933 1654 3001 προσ-

297 3025 330 3080 25
347 3032 460 3085 κυνεῖν
486 3011 605 3102 κύριον
631 3008 799 3081 τὸνθεόν
822 3008 917 3101 ήμῶν
938 3017 993 3084 ἐπὶ
1016 3019 1076 3104 γῆς
1097 3011 1286 3102 ἀλλοτρίας.
1330 3022 1381 3096 τίς
1406 3005 1468 3087 οῦν
1490 3007 1510 3083 ό
1532 3008 1654 3094 τόπος;

253 3141 256 3148 ·
348 3105 450 3200 εὗρον
471 3117 611 3184 τοῦτον·
634 3102 741 3200 ἦλθεν
763 3114 817 3180 ἐπὶ
840 3110 970 3201 ταύτην
992 3121 1137 3202 φορέσας
1159 3122 1255 3203 σῶμα
1272 3113 1313 3186 τὸ
1329 3120 1450 3197 σῶσαν,
1474 3108 1654 3197 ἀναλαβῶν

352 3211 410 3284 »τὸ
433 3219 529 3302 σῶμα
548 3209 588 3282 τό
611 3217 672 3300 τής
694 3205 873 3300 ἁμαρτίαςι
902 3215 956 3283 »ἐν
979 3207 1168 3302 ὁμοιώματι
1190 3211 1313 3303 σαρκός
1335 3209 1529 3302 ἁμαρτίαςι,
1552 3206 1594 3281 ἵν’
1616 3213 1653 3281 ἐν

252 3322 331 3378 ¹2381
351 3310 464 3401 τούτῳ
491 3317 542 3399 τῷ
570 3306 669 3398 τόπῳ
693 3308 746 3381 διὰ
769 3307 831 3380 τὸν
853 3308 1104 3400 ἐπιδημήσαντα
1126 3311 1277 3402 Χριστὸν
1298 3309 1424 3403 Ἰησοῦν
1445 3318 1500 3383 καὶ
1522 3317 1653 3399 καζταρ-

349 3408 499 3500 γήσαντα
534 3409 598 3481 τὸν
628 3408 777 3498 ἀρχοντα
806 3417 871 3482 τοῦ
900 3415 1025 3494 αἰῶνος
1054 3410 1182 3484 τοῦτου
1210 3421 1267 3485 καὶ
1298 3409 1558 3502 καταργήσαντα
1589 3416 1653 3502 τὴν

297 3529 330 3584 30
348 3506 526 3599 ἁμαρτίαν,
558 3516 699 3598 δυνηθῶ
730 3516 961 3599 προσκυνῆσαι
991 3509 1054 3582 τόν
1084 3510 1170 3584 θεὸν
1199 3509 1322 3583 ίνθάδε
1351 3519 1408 3582 καὶ
1436 3511 1520 3600 μετὰ
1548 3518 1652 3583 τοῦτο

347 3606 571 3699 προσκυνήσω
598 3614 635 3681 ἐν
661 3617 704 3700 τῇ
730 3618 772 3700 γῇ
798 3617 841 3699 τῇ
868 3605 951 3701 ἁγίᾳ.
995 3616 1023 3682 εί
1049 3611 1111 3700 γὰρ
1133 3607 1368 3701 προσκυνήσας
1390 3640 1442 3694 τις
1463 3609 1506 3682 τὰ
1529 3615 1653 3683 ε’ίδωλα

348 3713 384 3778 ἐν
406 3717 448 3797 τῇ
466 3717 508 3798 γῇ
530 3719 572 3799 τῇ
595 3706 670 3802 ἁγίᾳ
693 3707 907 3800 ἀπελήλυθεν
929 3717 975 3794 είς
998 3710 1061 3800 τήν
1083 3716 1146 3799 γῆν
1168 3710 1232 3800 τήν
1247 3707 1442 3800 ἀλλοτρίαν,
1465 3706 1653 3800 προσκυνή-

348 3833 407 3892 σας
433 3839 484 3890 τις
511 3808 684 3882 τὸνθεόν
710 3815 748 3883 ἐν
775 3817 817 3900 τῇ
844 3818 885 3900 γῇ
913 3817 955 3900 τῇ
982 3807 1143 3902 ἀλλοτρίᾳ
1168 3808 1388 3883 ἀπελεύσεται
1416 3813 1470 3880 ἐπὶ
1498 3809 1562 3899 τήν
1590 3816 1653 3900 γῆν

348 3907 411 3998 τὴν
438 3905 537 3996 ἁγίαν
562 3913 599 3980 ἐν
622 3917 760 4002 Χριστῷ
782 3907 899 4002 Ἰησοῦ,
931 3902 960 4001 ᾧ
991 3905 1011 3999 ή
1038 3906 1118 3997 δόξα
1144 3917 1199 3982 καὶ
1229 3908 1270 3982 τό
1289 3909 1414 3999 κρότος
1436 3914 1482 3993 είς
1504 3909 1583 3992 τοῦς
1604 3915 1652 3980 al·

296 4025 328 4078 35
347 4014 445 4091 ῶνας.
488 4004 595 4099 Ἀμήν.

429 4165 447 4219 5
465 4163 531 4218 Luk.
545 4165 585 4228 16,
599 4165 638 4218 12.
656 4194 690 4204 -
707 4163 725 4220 8
742 4166 850 4220 Baruch
865 4168 889 4229 3,
901 4166 992 4222 9-13.
1006 4195 1039 4205 -
1052 4166 1091 4222 16
1110 4165 1173 4236 Vgl.
1186 4164 1247 4220 Joh.
1261 4167 1301 4232 12,
1314 4167 1355 4221 31.
1367 4195 1401 4204 ·-
1414 4165 1452 4219 22
1473 4164 1544 4217 Psal.
1559 4165 1616 4228 136,
1627 4167 1652 4218 4.

347 4248 429 4314 mo
446 4248 511 4386 {gt}
523 4249 633 4387 Βυτυοή
643 4251 667 4316 3,
681 4250 735 4306 15?
748 4281 779 4289 -
793 4250 830 4306 27
851 4250 913 4319 vgl.
926 4249 1003 4304 Rbm.
1016 4251 1040 4315 6,
1053 4253 1077 4306 6.
1090 4281 1123 4289 -
1136 4249 1199 4321 Vgl.
1212 4251 1290 4304 Rem.
1302 4251 1326 4316 8,
1339 4251 1363 4305 3.
1381 4279 1414 4289 -
1434 4249 1474 4304 λθ
1487 4248 1651 4318 Vgl.11(0r.

346 4336 386 4398 15,
399 4335 432 4388 24
467 4351 483 4388 ο
505 4375 510 4386 .
525 4335 564 4396 12,
577 4335 611 4388 31
744 4391 748 4398 ,

429 4459 708 4532 θπροσῖσκυνὴσεως
724 4461 741 4516 S
756 4461 761 4528 Ι
779 4461 793 4514 7
814 4453 922 4515 ἑαυτῶν
941 4460 984 4516 Gh
999 4461 1003 4529 Ι
1021 4460 1059 4517 10
1078 4461 1158 4530 ζωῆς]
1177 4461 1281 4532 σοφίας
1298 4459 1370 4514 LXX
1385 4461 1390 4527 Ι
1408 4459 1446 4514 14
1463 4455 1498 4515 τὰ
1518 4455 1651 4531 ἀλλότρια

345 4543 458 4598 meioht
468 4543 511 4597 Gh
526 4545 530 4612 Ι
545 4540 705 4615 ἀλλοτρίοις
715 4544 772 4612 vgl.
785 4543 810 4612 S,
818 4547 859 4607 53.
870 4547 903 4600 35
918 4546 921 4612 Ι
938 4546 975 4600 21
991 4545 1009 4600 l.
1021 4546 1173 4614 notffmev'?
1188 4547 1192 4613 Ι
1209 4547 1247 4600 22
1259 4539 1362 4613 ἴδωμεν
1372 4543 1440 4598 VCo
1451 4537 1576 4611 ίδομενθ
1592 4542 1596 4609 Ι
1612 4541 1652 4598 24

344 4631 408 4684 τοῦ2
420 4625 444 4679 V
462 4634 518 4682 ποῦ
530 4627 547 4681 S
563 4631 567 4695 Ι
583 4629 619 4684 25
631 4623 686 4698 ἐπῆ
698 4629 715 4684 S
730 4631 734 4700 Ι
749 4629 832 4696 θίΙθῦ
844 4627 958 4698 αἰῶνας]
971 4636 1003 4693 -Ι-
1016 4633 1073 4684 τῶν
1085 4624 1199 4684 αἰώνων
1213 4628 1236 4683 V
1252 4631 1256 4698 Ι
1271 4629 1310 4686 θῦ
1322 4623 1423 4699 ἈμιΙνΙ
1436 4635 1467 4693 -Ι-
1480 4622 1577 4695 ὁμιλία
1590 4621 1613 4694 ζ
1625 4626 1651 4681 S.
