3658 5566
287 1233 353 1317 Dio
380 1233 605 1342 1111111111
633 1259 703 1322 aus
731 1236 798 1320 der
824 1236 969 1319 Kateno
996 1259 1045 1318 zu
1074 1232 1344 1318 1111181111υεί-
1371 1232 1452 1316 und

705 1366 1029 1472 KInigsbsschem.

591 1551 606 1588 ο
623 1559 657 1578 =
674 1532 735 1588 eod.
753 1531 834 1585 Goiul.
851 1533 869 1587 8
886 1549 955 1586 saec.
973 1533 1006 1588 X.

593 1637 605 1672 ε
625 1645 659 1661 =
677 1617 736 1671 eod.
755 1617 827 1670 Scor.
846 1617 944 1670 Σ-ΙΙ
949 1618 1019 1670 -19
1036 1633 1107 1673 saec.
1124 1617 1199 1672 XIII.

593 1723 610 1758 v
626 1727 659 1746 ==
677 1700 736 1756 cod.
754 1701 823 1755 Van.
842 1717 881 1769 gr.
899 1699 964 1754 XVI
982 1717 1051 1755 saec.
1068 1701 1141 1754 XIII.

646 1852 702 1919 Nr.
725 1851 747 1917 Ι.
790 1850 1091 1930 Isam.3,11-21.

298 1991 429 2087 Ἐπειδὴ
452 2000 596 2096 ,ἔμελλεν
629 1994 649 2086 ή
680 2005 757 2068 θεία
783 1995 896 2086 γραφή
924 1995 988 2084 τήν
1014 1992 1187 2069 ἀπώλειαν
1214 2005 1287 2068 τιῦυ
1318 2000 1417 2067 υἱῶν
1444 1991 1520 2064 Ἠλὶ

217 2104 403 2187 προλέγειν,
432 2092 486 2169 ὅτι
513 2125 551 2168 τε
577 2094 597 2187 ή
624 2094 770 2182 κιβωτὸς
797 2101 859 2167 τοῦ
886 2102 969 2166 θεοῦ
996 2095 1208 2186 ληφθήσεται
1232 2093 1300 2168 ῦπό
1323 2101 1396 2167 τῶν
1419 2091 1520 2167 ἄλλο·

218 2195 349 2283 φύλων,
372 2201 589 2288 προλαβοῦσα
610 2195 789 2284 θεραπεύει
812 2193 875 2284 τήν
898 2191 1014 2284 ἀκοήν,
1037 2194 1171 2286 μήποτέ
1189 2223 1241 2278 τις
1255 2201 1358 2284 οἰηθῇ
1373 2195 1521 2284 σκληρὸν

166 2321 199 2374 10
217 2299 304 2369 εἶναι
326 2296 390 2368 τὸν
411 2292 504 2367 θεόν.
540 2295 594 2367 διὰ
616 2303 730 2378 τοῦτο,
754 2291 801 2378 ως
823 2297 918 2383 ἔφην,
940 2299 1070 2383 ίστορεί
1090 2291 1138 2378 οῦς
1159 2291 1221 2365 οῦκ
1243 2291 1431 2384 ἠλαττώθη
1447 2301 1521 2366 τῶν

217 2400 303 2467 υίιῦν
323 2393 393 2468 Ἠλὶ
420 2392 440 2485 ή
467 2403 566 2467 κακία
592 2404 648 2468 καὶ
674 2393 695 2485 ή
718 2391 864 2484 ἁμαρτία
891 2393 945 2465 διὰ
968 2402 1028 2484 τής
1051 2391 1190 2482 ἀπειλῆς
1211 2400 1266 2464 καὶ
1289 2400 1350 2484 τῆς
1370 2390 1444 2464 κατ’
1466 2389 1521 2465 αῦ-

217 2503 291 2566 τιῦν
311 2492 539 2586 προρρήσεως,
563 2491 636 2567 ἀλλ’
659 2490 791 2583 ηὐξήθη
814 2501 953 2582 μᾶλλον.

684 2679 740 2744 Nr.
763 2681 801 2745 ll.
844 2680 999 2758 18111114,
1016 2688 1062 2748 13.

304 2823 449 2916 Εὐσεβὴς
479 2821 498 2897 ὁ
528 2821 596 2895 Ἠλὶ
627 2823 707 2896 καθ’
735 2821 874 2896 ἑαυτόν·
905 2821 946 2897 οῦ
976 2825 1038 2914 γὰρ
1064 2833 1140 2914 περί
1168 2832 1228 2914 τῆς
1254 2831 1423 2914 σωτηρίας
1450 2833 1523 2897 τῶν

169 2941 202 2995 15
221 2931 352 2996 τέκνων
384 2921 514 3014 ἠγωνία
548 2932 811 3014 προηγουμένως
842 2919 915 2996 ἀλλ’
942 2921 1038 3012 ῦπὲρ
1069 2931 1139 3014 τής
1169 2931 1359 3010 κιβωτοῦ,
1391 2923 1525 3015 μήποτε

220 3031 354 3113 γένοιτο
376 3020 444 3094 ῦπὸ
467 3043 538 3108 τοῖς
560 3020 778 3112 ἀλλοφύλοις·
803 3017 820 3094 3
844 3025 884 3114 δή
906 3032 962 3095 καὶ
984 3031 1112 3110 συνέβη.

686 3210 742 3276 Nr.
764 3211 818 3277 III
862 3211 1059 3291 18111113.

305 3352 375 3430 Ἵνα
404 3361 530 3442 γνιῦσιν
566 3359 597 3426 οί
627 3351 817 3443 ἀλλόφυλοι
849 3350 904 3428 ὅτι
933 3349 1012 3428 σῦτε
1044 3353 1062 3428 ὁ
1093 3356 1175 3439 θεὸς
1206 3355 1342 3446 ήττήθη
1372 3356 1426 3428 διὰ
1452 3364 1526 3428 των

221 3453 437 3545 Ἰσραηλιτῶν
460 3448 539 3528 οῦτε
562 3451 668 3526 αῦτὸν
689 3453 880 3546 νενικήκασι
903 3461 944 3544 τῇ
967 3462 1072 3546 οἰκείᾳ
1095 3453 1240 3544 δυνάμει,
1263 3451 1348 3528 ἀλλὰ
1364 3462 1437 3526 τῶν
1451 3451 1527 3527 'Iov-

170 3571 204 3624 20
223 3562 331 3626 δαίων
357 3558 392 3626 αί
419 3551 577 3645 ἁμαρτίαι
604 3563 659 3626 καί
680 3550 824 3638 ἆσέβειαι
848 3555 912 3643 τήν
934 3547 1043 3644 ήτταν
1064 3554 1296 3645 πεποιήκασιν.
1340 3562 1528 3626 πέπτωκε

224 3660 258 3726 δὲ
284 3652 353 3743 πρὸ
378 3659 450 3742 τῆς
476 3663 653 3741 κιβωτοῦ
680 3651 698 3726 ὁ
722 3654 875 3743 Δαγών,
906 3651 966 3742 οῦχ
993 3658 1048 3725 ἵνα
1074 3653 1304 3745 προσκυνήση,
1339 3651 1381 3728 οῦ
1402 3653 1464 3745 γὰρ
1487 3646 1529 3742 ήν

224 3753 325 3840 ἄξιος,
350 3749 423 3825 ἀλλ’
446 3754 501 3825 ἵνα
523 3761 696 3844 συντριβῇ·
727 3748 745 3824 ὃ
769 3754 809 3843 δὴ
832 3760 885 3823 καὶ
908 3762 1054 3843 γέγονεν.

639 3939 695 4004 Nr.
718 3939 772 4006 lV.
814 3940 988 4017 18111115,
1007 3946 1117 4007 9—11.

299 4079 424 4173 Ὥσπερ
456 4079 540 4172 (ἐπ’)
571 4080 771 4172 ἀνθρώπων
800 4091 862 4172 μὲν
891 4091 960 4173 χείρ
990 4092 1045 4155 καὶ
1076 4087 1161 4167 ποὺς
1186 4093 1241 4156 καὶ
1268 4081 1447 4174 ὀφθαλμὸς
1472 4091 1527 4155 καί
1545 4100 1579 4168 11,
1591 4100 1642 4156 479

173 4205 206 4258 25
225 4179 283 4268 οῦς
313 4191 368 4255 καί
400 4189 429 4254 εί
454 4213 488 4255 τι
516 4187 677 4254 τοιοῦτον
700 4177 898 4272 ὀνομάζεται
921 4184 1107 4274 σημαντικά
1134 4190 1208 4254 τῶν
1233 4192 1348 4272 μελῶν
1369 4191 1432 4256 τοῦ
1454 4179 1529 4273 ήμε-

225 4290 327 4371 τέρου
348 4279 505 4372 σώματός
530 4287 632 4366 ἐστιν,
655 4286 709 4352 ἐπὶ
732 4289 767 4353 δὲ
789 4289 874 4352 θεοῦ
893 4290 962 4372 χεὶρ
983 4290 1044 4373 μὲν
1067 4281 1106 4354 τὸ
1129 4279 1377 4372 δημιουργικόν,
1400 4277 1529 4370 ὀφθαλ-

224 4381 287 4472 μὸς
313 4389 348 4454 δὲ
375 4381 416 4454 τὸ
443 4377 646 4465 ἐποπτικὸν,
673 4386 728 4450 καὶ
756 4372 814 4463 οῦς
843 4385 904 4469 μὲν
930 4380 972 4453 τὸ
993 4379 1208 4466 ἆκουστικόν,
1235 4382 1321 4465 ποὺς
1347 4389 1382 4453 δὲ
1405 4379 1446 4453 τὸ
1468 4387 1530 4472 τῆς

310 4550 475 4607 1111111111
493 4550 553 4604 Hss.
571 4551 626 4620 vgl.
644 4549 689 4604 die
705 4549 883 4621 Einleitung!
902 4553 916 4608 7
935 4546 1053 4620 Ἐπειδὴ]
1077 4553 1175 4606 vorher
1193 4553 1218 4618 ὦ
1242 4569 1255 4605 s
1270 4555 1274 4620 Ι
1290 4551 1349 4619 ήλεί
1366 4569 1379 4606 ε
1394 4553 1398 4619 Ι
1415 4551 1451 4608 11
1470 4544 1529 4607 Ἠλί

226 4637 251 4707 η]
270 4631 315 4706 III
332 4637 349 4706 ὴ
367 4655 385 4692 v
412 4635 462 4690 I...
481 4637 529 4705 ηε
552 4636 557 4704 Ι
582 4628 701 4704 18Ἳνα]
720 4635 860 4700 vorherffl
881 4653 893 4688 s
913 4637 916 4702 ί
937 4635 977 4690 24
995 4630 1040 4692 ἐπ’
1055 4637 1105 4693 Ru.
