3658 5566
283 441 333 495 Dio
350 441 517 512 Fragmenta
534 458 582 496 aus
601 441 649 495 der
666 439 774 496 Katane
792 459 825 496 zu
842 441 897 495 don
914 439 1035 495 Samuel·
1054 439 1111 494 und
1128 438 1364 510 Kbnigsbflchern.
1411 447 1469 512 301

160 613 334 674 ποιεῖσθαι
367 609 432 675 τοῦ
462 608 637 686 βασιλικοῦ
667 599 858 693 ἀξιώματος
889 599 943 674 διά
976 631 1014 675 τε
1043 608 1148 674 τοῦτο
1180 600 1471 693 ἐπαναστήσεσθαι

161 711 213 792 τῷ
236 709 339 787 Δαβὶδ
363 709 420 775 καὶ
446 721 519 785 τοῖς
543 700 672 774 τούτου
696 711 823 775 παισίν.
870 700 912 773 τὸ
943 706 979 772 δέ
1009 707 1223 792 ἐξηλίαιιαν
1256 699 1402 786 αύτούς
1433 706 1471 775 οί

162 811 420 889 Γαβαωνῖται
447 805 637 874 ἐναντίον
662 809 802 888 κυρίου
829 807 871 873 ἐν
897 808 953 892 τῷ
976 794 1061 890 όρει
1088 798 1166 872 ἀντὶ
1187 809 1252 873 τοῦ
1273 798 1469 888 ἀναιρεθέν-

161 930 221 986 τας
253 899 315 972 ούκ
345 903 490 990 ἔθαψαν,
526 897 599 973 ἀλλ’
620 905 736 973 είασαν
767 897 834 974 ύπό
861 900 926 972 τὸν
951 895 1052 990 ἥλιον
1072 913 1212 972 κεῖσθαι.
1255 909 1319 973 καὶ
1341 901 1471 988 ἐξελύ-

127 998 293 1091 5θησάν
324 1025 426 1090 φησιν
454 1006 519 1073 καὶ
548 1003 688 1086 ἔλαβεν
718 998 865 1082 αύτούς
893 999 971 1071 Δάν
998 999 1084 1084 υίὸς
1109 996 1192 1072 ’ίωά
1218 1007 1301 1071 τῷν
1323 997 1469 1090 ἀπογό-

162 1130 243 1172 νων
274 1107 358 1172 τῷν
388 1097 601 1189 γιγάντων.
644 1097 786 1182 πάντως
811 1127 881 1171 που
905 1097 1064 1184 βούλεται
1090 1105 1200 1188 λέγειν
1222 1093 1277 1170 ότι
1299 1100 1381 1184 τούς
1402 1097 1469 1172 ύπό

161 1199 225 1271 τὸν
251 1196 348 1290 ἥλιον
374 1205 538 1282 τεθέντας
566 1200 680 1288 λαβών
707 1194 726 1271 ὁ
755 1207 849 1289 γίγας
876 1196 1029 1273 ἀνείλετο
1056 1203 1295 1288 ἐκλελυμένους
1316 1195 1380 1290 ἤδη
1402 1195 1469 1272 ύπό

161 1305 223 1390 τῆς
245 1295 384 1389 ἡλιακῆς
407 1297 546 1386 φλογός.

244 1407 292 1514 {‘0
314 1412 415 1505 λόγος
438 1410 458 1486 ό
479 1415 568 1488 κατά
590 1415 671 1499 τούς
694 1423 914 1500 Γαβαωνίτας
936 1413 1112 1504 ἀγνωστος
1133 1421 1351 1504 καθέστηκεν,
1375 1423 1404 1488 εί
1424 1415 1469 1508 μή

110 1527 143 1580 10
160 1514 229 1587 πού
250 1544 287 1605 γε
310 1519 456 1604 εἴπωμεν
479 1508 543 1600 ὅτι,
567 1510 667 1604 ἡνίκα
689 1513 840 1604 ἐκάθητο
863 1519 899 1586 ἐν
917 1520 1020 1598 Γαβεέ
1035 1521 1098 1586 τοῦ
1112 1523 1282 1602 πολεμεῖν,
1303 1521 1358 1586 καὶ
1374 1519 1469 1605 ἐτρο-

160 1615 302 1687 ποόσατο
334 1615 415 1698 τούς
446 1611 662 1702 ἀλλοφύλους
693 1609 851 1686 όΣαούλ
881 1623 937 1686 καὶ
966 1609 1144 1685 ἀπώλεσεν
1174 1607 1245 1702 μετ’
1273 1609 1389 1686 αύτῷν
1414 1623 1471 1687 καὶ

161 1714 242 1798 τούς
264 1720 493 1798 Γαβαωνίτας.
536 1720 592 1786 καὶ
624 1717 694 1784 ἔστι
720 1712 761 1784 τὸ
793 1709 933 1804 διήγημα
961 1717 998 1786 ἐν
1024 1718 1218 1801 τριακοστῷ
1245 1717 1391 1805 δευτέρῳ
1412 1721 1469 1786 καί

162 1820 355 1903 τριακοστῷ
396 1819 507 1903 τρίτῳ
539 1809 677 1902 ἀριθμῷ
707 1817 769 1901 τῆς
801 1811 941 1902 πρώτης
972 1820 1151 1894 Βασιλείας
1185 1817 1241 1884 καὶ
1277 1821 1470 1904 τριακοστῷ

162 1911 303 2002 ἑβδόμῳ,
334 1914 419 1984 ἔνθα
442 1919 557 2002 φησίν·
587 1920 660 1982 »καί
681 1914 836 2000 ἐπολέμει
858 1911 973 2001 κύκλῳ
995 1909 1128 1995 πάντας
1147 1911 1229 1994 τούς
1252 1911 1395 2000 ἐχθρούς
1416 1908 1471 1983 αύ·

111 2023 143 2076 15
163 2016 242 2083 τοῦι
267 2019 322 2082 καὶ
345 2010 388 2082 τά
411 2011 492 2102 ἑξῆς.
528 2004 547 2081 ό
570 2015 606 2082 δέ
628 2017 717 2098 λέγει
739 2010 780 2082 τὸ
803 2010 920 2101 ῥητόν,
944 2009 1049 2084 τοῦτό
1072 2015 1155 2082 ἐστι·
1181 2011 1297 2083 Σαούλ
1313 2007 1471 2101 ἠδίκησεν

161 2107 235 2182 κατ’
260 2107 379 2196 αύτοῦ,
405 2117 461 2182 καὶ
489 2115 526 2182 ἐκ
552 2116 616 2181 τοῦ
644 2115 739 2182 οἴκου
766 2107 873 2183 αύτοῦ
892 2117 1068 2201 γεγένηται
1088 2107 1110 2200 ἡ
1131 2115 1297 2201 ἐκδίκησις
1317 2116 1378 2201 τῆς
1401 2107 1469 2183 ἀδι-

161 2216 235 2292 κίας
255 2205 276 2298 ἡ
299 2213 354 2280 ἐπὶ
375 2205 510 2301 Ἰησοῦν.

247 2305 315 2379 Ούκ
342 2305 540 2381 ἀδικοῦνται
566 2313 602 2380 δέ
628 2307 882 2398 συναιρούμενοι
909 2314 960 2398 τῷ
988 2312 1025 2380 ἐν
1050 2304 1136 2398 ἀρχῇ
1166 2311 1198 2381 οί
1220 2313 1254 2395 ἐξ
1276 2313 1406 2381 ἐκείνου
1429 2309 1470 2381 τὸ

161 2407 246 2479 εἶναι
277 2404 448 2496 λαχόντες.
492 2401 577 2479 όθεν
613 2408 676 2498 γάρ
708 2412 806 2497 ἐσχον
836 2407 877 2480 τό
909 2410 1005 2494 εῖναι,
1042 2411 1204 2479 ἐντεῦθεν
1235 2406 1276 2479 τὸ
1307 2408 1351 2500 μὴ
1384 2411 1469 2481 είναι

110 2517 143 2574 20
162 2509 305 2594 ἔχοντες,
339 2513 368 2578 εί
384 2511 436 2703 μέ
465 2535 559 2591 τινος
580 2504 715 2597 ἀγαθοῦ
738 2503 779 2578 δι’
802 2507 941 2589 ἑαυτούς
964 2499 1049 2597 ἦσαν
1072 2507 1174 2593 ἄξιοι,
1197 2500 1342 2596 ὕστερον
1363 2515 1468 2580 τοῦτο

160 2603 382 2696 κομιζόμενοι.

553 2778 610 2846 Νι.
631 2779 714 2846 ΧΙΧ.
756 2779 867 2846 ΙΚδο.
882 2784 909 2860 2,
924 2785 952 2845 5.
967 2785 995 2846 6.
1010 2784 1038 2847 8.
1052 2785 1081 2846 9.

247 2947 405 3029 Ζητεῖται
430 2947 505 3022 πῶς
531 2935 551 3012 ό
575 2947 676 3026 Δαβίδ
701 2947 752 3030 τῷ
773 2947 876 3029 Σιμοί
894 2937 1108 3031 συγχωρήσας
1129 2939 1393 3029 παρακελεύεται
1416 2951 1466 3033 τῷ

163 3045 369 3129 Σολομῷντι
401 3035 532 3112 ἀνελεῖν
562 3037 669 3112 αὐτόν
696 3035 715 3111 δ
743 3037 969 3130 ἀμνησίκακος
990 3046 1045 3113 καὶ
1067 3047 1191 3129 πρᾶος,
1225 3035 1309 3112 ἀλλά
1330 3049 1386 3112 καί
1407 3040 1469 3112 τὸν

110 3147 143 3201 25
161 3133 257 3222 Ἰωάβ
285 3137 500 3228 συγκσμόντα
530 3135 633 3230 αύτῷ.
676 3144 711 3211 τί
741 3134 863 3229 δήποτ’
885 3131 947 3210 σύν
973 3145 1081 3211 ταῦτα
1108 3131 1219 3222 οότως
1246 3137 1469 3230 ῷκονομήθη;

161 3235 269 3326 σοφός
291 3229 343 3308 όιν
365 3232 383 3309 ό
407 3243 509 3325 Δαβίδ
530 3235 698 3329 ἠπίστατο
721 3231 776 3310 ότι
798 3230 879 3309 ούτε
900 3236 964 3310 τόν
985 3243 1090 3328 Σεμεί
1101 3245 1274 3328 Σολομῶν
1296 3235 1384 3309 ἐάσει
1406 3245 1467 3329 ζῆν

161 3344 227 3409 δέει
262 3343 323 3427 τῆς
358 3336 633 3423 ἐπαναστάσεως,
667 3334 715 3421 σός
745 3337 807 3426 γάρ
836 3334 903 3409 ἀπὸ
934 3343 1106 3420 βασιλικοῦ
1136 3333 1329 3427 ἀξιώματος
1354 3345 1469 3427 μέλλει

159 3443 237 3526 περί
271 3443 332 3527 τῆς
364 3446 531 3523 βασιλείας
564 3435 729 3528 μάχεσθαι
760 3443 810 3528 τῷ
832 3443 1049 3527 Σολομῶντι,
1079 3427 1160 3507 ούτε
1190 3434 1253 3507 τόν
1280 3431 1387 3525 Ἰωάβ,
1421 3435 1469 3522 σός

160 3535 258 3621 ἐκτὸς
281 3542 342 3628 τῆς
364 3544 427 3608 τοῦ
443 3544 545 3622 Δαβίδ
565 3537 701 3628 γνώμης
723 3543 768 3620 είς
782 3543 919 3623 βασιλέα
934 3534 998 3608 τόν
1015 3534 1091 3607 υίόν
1106 3541 1169 3607 τοῦ
1185 3540 1288 3622 Δαβίδ
1301 3535 1467 3628 καταστή-

109 3649 143 3704 30
161 3660 282 3722 σαντα,
315 3633 363 3720 τίς
395 3634 563 3709 ἀνελόντα
590 3643 786 3709 τοίνυνκαὶ
807 3635 870 3708 τὸν
892 3631 1088 3725 Ἀβεννήρ,
1121 3633 1337 3725 συγκαμόντα
1359 3641 1394 3709 δέ
1415 3645 1467 3728 τῷ

160 3745 264 3825 πατρὶ
294 3741 331 3808 ἐν
357 3749 501 3819 πολλοῖς
531 3743 692 3826 πολέμοις
717 3743 774 3806 καὶ
804 3735 1089 3824 κατορθώσαντα.
1131 3741 1240 3807 ταῦτα
1266 3736 1421 3823 προϊδὼν
1448 3732 1467 3808 ό

87 3899 90 3908 ,
162 3841 265 3922 Δαβὶδ
290 3836 478 3924 προλαβών
505 3834 679 3908 διατάττει
705 3843 756 3925 τῷ
780 3843 986 3925 Σολομῷντι
1011 3840 1162 3924 ποιῆσαι,
1190 3831 1211 3904 ά
1237 3839 1291 3906 καὶ
1314 3831 1372 3921 ἀφ’
1396 3837 1468 3905 ἑαυ-

245 4056 604 4127 loff.vgl.18am.13‚16
628 4059 668 4120 14,
681 4057 704 4111 2.
722 4055 968 4114 23.-1418m
981 4057 1021 4120 14,
1033 4055 1173 4112 47.-28
1185 4053 1358 4125 Vgl.ISam.
1373 4059 1412 4120 19,
1425 4057 1466 4112 23.

159 4170 192 4179 —
220 4141 257 4198 27
286 4140 349 4211 vgl.
372 4143 398 4196 Π
415 4141 485 4196 θυαε.
509 4143 554 4210 16,
573 4145 597 4198 5.
623 4171 655 4180 -
683 4141 722 4198 28
749 4140 815 4211 vgl.
837 4139 1132 4204 Issnn.1,7.19usw.
1151 4169 1185 4178 -
1203 4139 1243 4195 8⁰
1264 4138 1327 4209 vgl.
1352 4139 1376 4192 ΙΙ
1395 4139 1466 4196 Sam.

159 4227 183 4292 3,
196 4225 305 4281 26-29.

245 4427 262 4482 1
282 4423 491 4484 ἐπανίστασθαι
536 4426 595 4493 111
614 4423 702 4482 αὐτοῦ
720 4426 754 4492 οΙ
771 4425 809 4482 15
826 4423 955 4482 τουτέστι
972 4425 1056 4494 εΙίθ
1074 4422 1189 4494 γένηται
1207 4441 1239 4480 οε
1253 4423 1258 4494 Ι
1272 4424 1305 4480 17
1326 4421 1353 4492 ἡ]
1371 4421 1389 4492 ἢ
1406 4442 1441 4478 ετ
1461 4425 1464 4492 ί

158 4512 195 4569 18
213 4517 254 4586 τῷ
273 4511 315 4566 Ga
331 4519 391 4576 τοῖς
408 4529 421 4564 ε
437 4515 496 4565 τῶν
513 4527 551 4564 οι
569 4513 579 4578 ί
604 4510 643 4565 Ιθ
664 4503 747 4580 ἔσχον
765 4509 808 4564 Ga
825 4503 907 4580 ἔσχεν
924 4525 940 4562 ο
957 4501 1022 4580 ἔσχε
1040 4528 1075 4564 ετ
1092 4510 1116 4578 (ε
1131 4509 1159 4562 in
1172 4509 1245 4579 Rae.)
1265 4511 1269 4578 Ι
1286 4510 1322 4565 2⁰
1338 4503 1466 4581 ὕστερον]

159 4591 229 4668 ὑπὲρ
248 4597 282 4665 οΙ
299 4595 337 4650 24
357 4599 518 4664 σαλομῶντι
537 4612 575 4650 οι
591 4597 594 4662 Ι
609 4595 649 4650 θθ
663 4590 795 4667 Ἀβεννὴρ
814 4593 858 4650 Ga
874 4587 955 4665 Ἰωάβ
976 4611 1021 4650 ον.
