3694 5542
299 437 357 500 184
743 429 883 500 Origenes'
900 429 1160 486 Joremiahomilien.

297 602 405 676 λεται,
433 591 522 662 ἐκῶν
547 588 743 683 άπατῶμαι,
770 588 852 675 θεός
879 621 918 682 με
941 591 1047 683 μόνος
1072 589 1249 665 ἀπατάτω.
1294 601 1350 665 καὶ
1373 599 1446 665 ἐπεὶ
1466 601 1604 684 παρέχω

297 689 453 778 ἐμαυτόν,
476 687 681 780 πειθόμενος
701 689 788 763 θεόν
807 692 893 764 εἶναι
914 690 978 763 τὸν
1001 699 1158 781 λέγοντα,
1181 701 1238 764 καὶ
1258 689 1464 776 ἀπατᾶσθαι,
1485 699 1541 766 καλ
1565 691 1606 766 ού

296 789 562 880 περιεργάζομαι,
584 795 702 861 θέλων
724 787 949 881 ἀπατώμενος
969 791 1014 882 μὴ
1034 787 1095 862 ἀπ’
1119 791 1236 876 άλλσυ,
1258 788 1336 864 ἀλλ’
1359 790 1427 864 άπὸ
1443 799 1505 864 τοῦ
1520 801 1606 864 θεοῦ

210 907 280 962 319τ
297 887 528 981 ἀπατηθῆναι,
551 891 606 964 διά
628 898 733 962 τοῦτο
756 897 845 980 λε’γω
867 884 923 962 ότι
945 889 987 962 ού
999 889 1108 982 μόνον
1126 897 1130 978 1
1150 891 1189 962 σύ
1205 889 1388 982 ἐνήργηοας
1402 890 1443 962 τό
1459 888 1604 970 ἀπατᾶν,

262 985 375 1062 5άλλ’
407 984 462 1062 ότι
491 987 586 1079 κάγῶ
617 997 779 1062 πέπονθα
807 989 847 1062 τό
878 986 946 1061 ύπό
977 997 1039 1062 σοῦ
1064 986 1275 1078 ἀπατᾶσθαι,
1302 991 1473 1064 καὶκατὰ
1499 997 1604 1063 τοῦτο

296 1096 385 1178 λέγω
408 1082 463 1160 ότι
488 1087 681 1180 »ήπάτησάς
701 1119 751 1179 με,
773 1089 878 1179 κύριε,
901 1096 956 1160 καί
978 1087 1193 1180 ήπατήθηνι.
1235 1098 1270 1161 τί
1292 1095 1327 1160 δὲ
1349 1086 1534 1162 ἀκολουθεῖ
1553 1098 1604 1180 τῷ

298 1187 363 1260 τὸν
392 1189 478 1262 θεὸν
509 1193 593 1262 εἶναι
624 1186 814 1262 ἀπατῶντα
843 1196 898 1260 καὶ
930 1187 1121 1279 ἄνθρωπον
1151 1191 1238 1261 εἶναι
1267 1188 1332 1260 τόν
1361 1185 1605 1279 ἀπατῶμενον,·

299 1285 503 1378 »ἐκράτησας
529 1293 616 1378 <καὶ>
645 1284 868 1378 ήδυνάσθηςι.
917 1285 999 1361 τότε
1023 1319 1062 1378 με
1088 1307 1219 1376 κρατεῖ,
1247 1286 1306 1361 ἐάν
1332 1317 1371 1379 με
1396 1285 1474 1360 κατ’
1504 1283 1606 1378 ἀρχάς

296 1391 346 1458 ἔτι
368 1384 493 1509 νήπιον
514 1391 552 1460 ἐν
574 1395 712 1478 Χριστῷ
736 1385 907 1478 άπατήση,
938 1397 993 1462 καὶ
1023 1387 1192 1478 κρατήσας
1218 1387 1367 1459 δύναται.
1414 1386 1534 1460 ἐὰνδὲ
1560 1388 1605 1478 μή

244 1497 278 1552 10
294 1484 460 1577 κρατήσῃ,
483 1484 563 1559 τότε
584 1517 641 1578 μοι
662 1495 755 1576 χρεία
776 1485 906 1559 πόνων.
953 1487 1157 1578 »ἐκράτησας
1177 1495 1233 1560 καὶ
1254 1484 1476 1578 ήδυνάσθηςτ.

378 1593 490 1674 (1115).
512 1583 603 1676 Ἑξῆς
626 1585 764 1670 τούτοις
786 1592 886 1677 λέγει
910 1585 1089 1678 »ἐγενόμην
1111 1593 1158 1670 είς
1180 1593 1324 1677 γέλωτα,
1343 1593 1457 1659 πᾶσαν
1480 1582 1606 1676 ἡμέραν

296 1690 466 1757 διετέλεσα
486 1684 798 1776 μυκτηριζόμενοςι.
833 1693 888 1758 καὶ
910 1694 957 1771 είς
979 1693 1108 1760 τοῦτον
1130 1685 1194 1757 τὸν
1215 1683 1328 1760 τόπον
1342 1694 1452 1758 ταῦτα
1466 1682 1603 1775 ήκουον

296 1777 350 1854 ότι
375 1779 527 1874 Ἱερεμίας
558 1792 673 1874 γέγονε
699 1784 787 1856 κατὰ
813 1784 957 1875 χρόνους
978 1783 1282 1876 άμαρτωλοτάτων
1304 1782 1373 1875 (ἐπ’
1396 1783 1501 1856 αύτοῦ
1522 1791 1606 1875 γοῦν

295 1881 467 1974 γέγονενή
490 1887 721 1974 αίχμαλωσία),
743 1892 799 1957 καὶ
821 1879 934 1970 ούτως
955 1878 1041 1976 ἦσαν
1062 1881 1260 1975 άμαρτωλοὶ
1283 1883 1372 1958 ῶστε
1392 1891 1606 1976 μυκτηρίζειν

245 1994 277 2050 15
295 1988 351 2053 καί
373 1989 474 2072 γελᾶν
496 1990 552 2054 καὶ
571 1981 757 2072 χλευάζειν,
781 1990 811 2055 εἴ
830 2013 917 2057 ποτε
938 1981 958 2058 ό
980 1983 1161 2076 προφήτης
1184 1984 1225 2058 τό
1246 1993 1429 2076 προοίμιον
1451 1986 1541 2073 ἔλεγε
1564 1984 1605 2056 τὸ

294 2079 525 2171 προφητικόυ,
553 2082 594 2154 τό
620 2081 719 2155 »τάδε
741 2089 828 2174 λέγει
849 2083 991 2172 κύριοςι.
1039 2090 1168 2174 ἐγέλων
1190 2087 1222 2158 οἱ
1244 2080 1429 2168 ἀκούοντες
1450 2091 1507 2155 καὶ
1529 2089 1606 2170 ἐμυ-

295 2179 458 2270 κτήριζον
483 2182 527 2253 τά
554 2179 725 2272 λεγόμενα.
773 2181 967 2270 ἐφυλάξατο
993 2190 1101 2256 εἰπεῖν
1128 2185 1169 2257 τὸ
1200 2181 1299 2256 »τάδε
1320 2189 1408 2274 λέγει
1428 2177 1605 2271 κύριοςτό

296 2276 486 2368 ἀπατηθεὶς
511 2289 568 2352 καί
595 2279 789 2372 ὠφεληθεὶς
816 2287 853 2354 ἐκ
875 2291 939 2355 τοῦ
961 2279 1166 2356 ἀπατᾶσθαι.
1210 2283 1262 2356 διὸ
1284 2290 1340 2355 καὶ
1362 2279 1466 2367 αύτὸς
1487 2278 1605 2368 βουλό-

175 2383 177 2386 ’
295 2408 394 2468 μενος
421 2377 558 2453 ἀπατᾶν
584 2385 640 2453 ἐπὶ
669 2389 720 2472 τῷ
743 2378 951 2469 ῶφελεῑσθαι
976 2385 1013 2454 ἐκ
1035 2389 1099 2453 τοῦ
1120 2380 1257 2455 ἀπατᾶν
1277 2387 1403 2473 ἔλεγεν·
1430 2376 1486 2455 ότι
1507 2383 1607 2472 ἐμούς

242 2497 278 2554 20
294 2476 373 2569 ύμῖν
400 2488 509 2566 λαλῶ,
538 2485 609 2552 ἐπεὶ
635 2477 697 2550 ούκ
723 2477 863 2554 ἀκούετε
886 2481 967 2565 τούς
990 2489 1053 2553 τοῦ
1073 2487 1194 2569 κυρίου
1215 2479 1346 2571 λόγους.
1390 2484 1462 2554 εἶτα
1485 2487 1607 2554 ἐκεῖνοι

294 2597 457 2667 παρεῖχον
489 2579 550 2662 τᾶς
582 2576 686 2664 ἀκοάς
717 2577 765 2663 ῶς
795 2578 912 2671 λόγοις
941 2577 1094 2670 Ἱερεμίου
1123 2589 1179 2654 καὶ
1209 2577 1337 2670 ήκουον
1368 2578 1484 2671 λόγων
1513 2586 1606 2653 θεοῦ.

296 2685 404 2749 ταῦτα
435 2685 473 2750 δέ
500 2707 556 2769 μοι
593 2681 707 2765 ἐλεγεν
736 2675 755 2752 6
785 2679 991 2770 παραδιδούς
1020 2709 1079 2770 μοι
1108 2679 1171 2753 τὸν
1200 2677 1326 2765 τόπον,
1364 2678 1532 2768 ἐξετάζων
1563 2679 1607 2751 τᾶ

296 2785 458 2866 προοίμια
479 2786 535 2849 καὶ
557 2778 618 2862 τᾶς
639 2775 743 2867 ἀρχάς
765 2787 838 2852 τῶν
859 2789 1093 2869 προφητειῶν.
1128 2783 1200 2852 ἐστι
1222 2786 1339 2852 τοίνυν
1360 2786 1416 2850 καὶ
1437 2777 1522 2868 ἀρχή
1543 2785 1606 2868 τῆς
1640 2789 1642 2794 ’

294 2883 505 2966 προφητείας
524 2872 678 2965 Ἱερεμίου
703 2879 797 2968 παρά
817 2886 879 2967 μὲν
902 2875 992 2969 ἡμῖν,
1015 2877 1063 2963 ῶς
1084 2884 1116 2952 οἱ
1136 2875 1385 2970 Ἑβδομήκοντα
1406 2879 1602 2968 παραδεδώ-

243 2994 276 3050 25
293 2997 391 3044 κασιν
413 2972 474 3047 ούκ
496 2972 563 3047 οἷδ’
587 2972 616 3058 ό,
641 3007 675 3048 τι
697 2975 938 3068 σκοπήσαντας·
964 2976 1024 3049 »τό
1046 2981 1136 3069 ῥῆμα
1158 2985 1222 3052 τοῦ
1243 2985 1329 3050 θεοῦ
1350 2973 1369 3050 ό
1391 2983 1524 3066 ἐγένετο
1546 2981 1599 3048 ἐπὶ

209 3097 277 3154 319v
292 3070 446 3164 Ἱερεμίαν
473 3074 537 3147 τὸν
563 3082 627 3148 τοῦ
649 3083 796 3148 Χελκίου
821 3082 858 3149 ἐκ
880 3084 954 3148 τῶν
973 3085 977 3166 l
996 3082 1150 3167 ἱερέωνι,
1177 3081 1216 3150 ἐν
1236 3084 1272 3149 ἀὲ
1293 3085 1344 3168 τῷ
1366 3072 1525 3168 Ἐβραῖκῷ
1546 3086 1602 3148 καὶ

294 3191 369 3256 ταῖς
397 3183 533 3256 λοιπαῖς
564 3172 725 3247 ἐκθόσεσι·
760 3172 874 3294 »λόγοι
898 3171 1053 3298 Ἱερεμίου
1081 3179 1157 3250 υἱοῦ
1184 3185 1363 3262 Χελκίουι,
1394 3185 1450 3248 καὶ
1476 3175 1602 3259 πάντες

294 3273 536 3362 συνεφώνησαν
557 3279 608 3362 τῷ
633 3281 753 3347 εἰπεῖν
779 3271 894 3364 »λόγοι
915 3271 1067 3366 Ἱερεμίου
1088 3281 1165 3350 υἱοῦ
1188 3285 1365 3350 Χελκίουι.
1407 3276 1461 3349 διὰ
1484 3285 1517 3348 τί
1540 3269 1602 3350 ούι

298 3368 411 3457 »λόγοι
431 3368 620 3461 Ἱερεμίουι;
661 3372 841 3464 ἐπειδήπερ
867 3375 908 3446 τό
931 3385 1111 3498 προοίμιον
1133 3373 1227 3466 αύτῷ
1252 3381 1288 3448 ἐν
1310 3383 1362 3467 τῷ
1385 3383 1495 3466 λέγειν
1516 3374 1602 3464 πρός

158 3517 163 3526 -
241 3494 277 3549 30
294 3469 375 3552 τούς
396 3468 441 3560 μὴ
463 3470 731 3561 βουλομένους’
710 3480 852 3545 ακούσαι
872 3465 929 3562 ἧν·
952 3471 1120 3548 ἀκούσατέ
1139 3503 1205 3565 μου
1226 3474 1308 3559 τούς
1331 3471 1460 3564 λόγους.

380 3577 445 3638 Καὶ
467 3565 559 3659 ἡμεῖς
580 3567 656 3642 ἐσθ’
679 3566 737 3645 ότε
753 3580 903 3657 τοιαῦτα,
928 3567 1012 3644 όταν
1028 3583 1197 3656 λυσιτελὲς
1212 3570 1290 3664 ήμῖν
1306 3581 1408 3663 φανῇ,
1431 3581 1602 3664 ποιοῦμεν.

294 3673 402 3739 ἐνίοτε
425 3666 546 3757 λόγους
569 3668 718 3761 <τοῖς>’
697 3669 765 3744 απὸ
788 3679 862 3744 τῶν
884 3677 1001 3744 ἐθνῶν
1022 3670 1238 3763 προσάγομεν
1260 3667 1458 3763 βουλόμενοι
1480 3670 1603 3757 αύτούς

293 3787 519 3856 προσαγαγεῖν
545 3777 589 3859 τῇ
614 3778 739 3856 πίστει,
765 3779 823 3843 καὶ
849 3770 909 3843 ἐᾶν
936 3765 1109 3859 ἴδωμεν’
1090 3803 1145 3845 οτι
1167 3779 1415 3863 διαβεβλημένοι
1437 3779 1497 3844 εἰσὶ
1518 3770 1603 3861 πρός

296 3867 560 3989 Χριστιανισμόν
581 3875 637 3940 καὶ
659 3869 949 3956 βδελύσσονται
913 3900 954 3942 το
974 3865 1082 3960 όνομα
1097 3881 1153 3943 καὶ
1167 3879 1300 3962 μισοῦσι
1315 3873 1356 3946 τὸ
1375 3871 1524 3956 ἀκούσαι,
1548 3868 1603 3944 ότι

137 4017 141 4022 -
242 3989 276 4045 35
295 3957 395 4049 οὗτος
411 3996 429 4039 ο
420 3961 546 4056 (λόγος
557 3975 773 4057 Χριστιανῶν
787 3974 890 4054 ἐστιν,
908 3999 949 4040 ου
940 3965 1245 4060 προσποιούμεθα
1261 3978 1480 4060 Χριστιανῶν
1496 3978 1603 4061 λέγειν

296 4063 400 4154 λόγον
432 4063 614 4155 ω’φέλιμον.
668 4063 745 4139 ἀλλ’
777 4063 863 4140 ὅταν
891 4065 910 4140 ό
941 4067 1042 4158 λόγος
1072 4075 1198 4154 ἐκεῖνος
1226 4079 1487 4160 κατασκευασθῇ
1515 4071 1602 4142 κατὰ

380 4221 418 4277 18
442 4221 506 4293 Vgl.
533 4222 715 4290 s.126,1ff.
744 4253 778 4264 -
802 4225 875 4281 1111.
900 4224 961 4295 VgL
979 4224 1078 4280 Jerem.
1098 4227 1162 4288 2,2
1191 4243 1216 4280 α,
1240 4233 1264 4282 δ.
1293 4258 1327 4267 -
1359 4227 1398 4284 111
1421 4226 1485 4296 ng
1504 4226 1601 4280 θείοιο.

293 4305 339 4456 2213),
353 4305 432 4444 99.ἳ-
458 4306 497 4362 25
520 4307 619 4362 Jerem.
638 4312 661 4372 1,
681 4312 703 4363 1.
721 4337 754 4348 -
777 4309 856 4367 2711.
875 4309 972 4365 Jerem.
991 4311 1015 4373 1,
1035 4313 1050 4364 1
1079 4308 1143 4379 Vgl.
1162 4310 1294 4382 Hexapla.
1312 4342 1346 4351 —
1364 4312 1405 4367 80
1423 4310 1487 4380 Vgl.
1505 4309 1602 4364 Jerem.

379 4506 399 4562 11
416 4507 518 4578 θέλων]
532 4507 608 4564 θέλω
620 4509 637 4564 S
653 4511 657 4578 Ι
671 4509 689 4566 8
701 4511 750 4566 καὶ
763 4510 800 4566 Οο
816 4513 819 4574 Ι
836 4511 872 4566 10
883 4511 1011 4581 κρατήσῃ
1022 4510 1107 4566 ΒΙειιε
1111 4512 1268 4567 Κοείεοὶιεπ
1278 4513 1449 4583 κρατήσηςθ
1464 4513 1469 4580 Ι
1486 4511 1521 4566 1⁸
1532 4517 1602 4580 γοῦν

294 4591 332 4645 00
350 4581 401 4646 σύν
419 4591 507 4660 8185
525 4594 704 4664 Χριστιανῶν
724 4595 801 4648 ΒῙεεε
819 4592 982 4664 χριστιανόν
1000 4596 1026 4649 S.
