<?xml version="1.0" encoding="UTF-8"?>
<!DOCTYPE html PUBLIC "-//W3C//DTD XHTML 1.0 Transitional//EN"
    "http://www.w3.org/TR/xhtml1/DTD/xhtml1-transitional.dtd">
<html xmlns="http://www.w3.org/1999/xhtml" xml:lang="en" lang="en">
 <head>
  <title>
</title>
<meta http-equiv="Content-Type" content="text/html;charset=utf-8" />
  <meta name='ocr-system' content='tesseract 3.04.00' />
  <meta name='ocr-capabilities' content='ocr_page ocr_carea ocr_par ocr_line ocrx_word'/>
</head>
<body>
  <div class='ocr_page' id='page_1' title='image "./diegriechischen01unkngoog/diegriechischen01unkngoog_0112.png"; bbox 0 0 3768 5544; ppageno 0'>
   <div class='ocr_carea' id='block_1_1' title="bbox 386 453 1545 530">
    <p class='ocr_par' dir='ltr' id='par_1_1' title="bbox 386 453 1545 530">
     <span class='ocr_line' id='line_1_1' title="bbox 386 453 1545 530; baseline -0.001 -16"><span class='ocrx_word' id='word_1_1' title='bbox 386 457 506 514; x_wconf 83' lang='lat' dir='ltr'>Homilie</span> <span class='ocrx_word' id='word_1_2' title='bbox 527 457 570 512; x_wconf 89' lang='lat' dir='ltr'><strong><em>v1.</em></strong></span> <span class='ocrx_word' id='word_1_3' title='bbox 604 458 702 514; x_wconf 83' lang='lat' dir='ltr'>Jerem.</span> <span class='ocrx_word' id='word_1_4' title='bbox 721 461 745 525; x_wconf 83' lang='lat'><strong><em>5,</em></strong></span> <span class='ocrx_word' id='word_1_5' title='bbox 762 459 838 512; x_wconf 78' lang='lat'><strong>3-5.</strong></span> <span class='ocrx_word' id='word_1_6' title='bbox 856 483 889 494; x_wconf 91' lang='lat'><em>—</em></span> <span class='ocrx_word' id='word_1_7' title='bbox 906 453 1027 510; x_wconf 77' lang='lat' dir='ltr'>Romilio</span> <span class='ocrx_word' id='word_1_8' title='bbox 1044 454 1104 508; x_wconf 84' lang='lat' dir='ltr'>VII.</span> <span class='ocrx_word' id='word_1_9' title='bbox 1138 453 1396 518; x_wconf 73' lang='lat' dir='ltr'>serem.5,18.19.</span> <span class='ocrx_word' id='word_1_10' title='bbox 1507 471 1545 530; x_wconf 81' lang='lat'><strong><em>51</em></strong></span> 
     </span>
    </p>
   </div>
   <div class='ocr_carea' id='block_1_2' title="bbox 160 609 1550 1807">
    <p class='ocr_par' dir='ltr' id='par_1_2' title="bbox 160 609 1550 1807">
     <span class='ocr_line' id='line_1_2' title="bbox 160 609 1548 712; baseline 0.005 -23"><span class='ocrx_word' id='word_1_11' title='bbox 160 633 225 690; x_wconf 74' lang='grc' dir='ltr'><strong><em>235ν</em></strong></span> <span class='ocrx_word' id='word_1_12' title='bbox 243 625 307 711; x_wconf 81' lang='grc' dir='ltr'><strong><em>ἔχει</em></strong></span> <span class='ocrx_word' id='word_1_13' title='bbox 333 627 370 694; x_wconf 86' lang='grc' dir='ltr'><strong><em>έν</em></strong></span> <span class='ocrx_word' id='word_1_14' title='bbox 397 629 440 711; x_wconf 80' lang='grc' dir='ltr'><strong><em>τῇ</em></strong></span> <span class='ocrx_word' id='word_1_15' title='bbox 466 629 563 712; x_wconf 74' lang='grc' dir='ltr'><strong><em>ψυχῇ.</em></strong></span> <span class='ocrx_word' id='word_1_16' title='bbox 606 613 704 694; x_wconf 81' lang='grc' dir='ltr'><strong><em>οὗτοι</em></strong></span> <span class='ocrx_word' id='word_1_17' title='bbox 731 611 807 702; x_wconf 80' lang='grc' dir='ltr'><strong><em>οὖν,</em></strong></span> <span class='ocrx_word' id='word_1_18' title='bbox 835 621 935 706; x_wconf 83' lang='grc' dir='ltr'><strong><em>Ιέπεὶ</em></strong></span> <span class='ocrx_word' id='word_1_19' title='bbox 961 609 1047 707; x_wconf 82' lang='grc' dir='ltr'><strong><em>ἦσαν</em></strong></span> <span class='ocrx_word' id='word_1_20' title='bbox 1072 626 1220 706; x_wconf 83' lang='grc' dir='ltr'><strong><em>πτωχοί,</em></strong></span> <span class='ocrx_word' id='word_1_21' title='bbox 1252 623 1285 690; x_wconf 86' lang='grc' dir='ltr'><strong><em>σί</em></strong></span> <span class='ocrx_word' id='word_1_22' title='bbox 1305 619 1468 712; x_wconf 85' lang='grc' dir='ltr'><strong><em>πρότεροι</em></strong></span> <span class='ocrx_word' id='word_1_23' title='bbox 1490 621 1548 708; x_wconf 73' lang='grc' dir='ltr'><strong><em>οὓς</em></strong></span> 
     </span>
     <span class='ocr_line' id='line_1_3' title="bbox 243 712 1548 811; baseline 0.002 -19"><span class='ocrx_word' id='word_1_24' title='bbox 243 727 359 810; x_wconf 74' lang='grc' dir='ltr'><strong><em>ἔψεξεν</em></strong></span> <span class='ocrx_word' id='word_1_25' title='bbox 386 717 406 794; x_wconf 85' lang='grc' dir='ltr'><strong><em>ό</em></strong></span> <span class='ocrx_word' id='word_1_26' title='bbox 433 718 547 811; x_wconf 79' lang='grc' dir='ltr'><strong><em>λόγος,</em></strong></span> <span class='ocrx_word' id='word_1_27' title='bbox 580 718 641 792; x_wconf 77' lang='grc' dir='ltr'><strong><em>οὐκ</em></strong></span> <span class='ocrx_word' id='word_1_28' title='bbox 667 717 831 811; x_wconf 81' lang='grc' dir='ltr'><strong><em>ἥκουσαν,</em></strong></span> <span class='ocrx_word' id='word_1_29' title='bbox 863 725 966 807; x_wconf 84' lang='grc' dir='ltr'><strong><em>φησὶν</em></strong></span> <span class='ocrx_word' id='word_1_30' title='bbox 992 712 1011 790; x_wconf 86' lang='grc' dir='ltr'>ὁ</span> <span class='ocrx_word' id='word_1_31' title='bbox 1038 715 1227 807; x_wconf 81' lang='grc' dir='ltr'><strong><em>προφήτης.</em></strong></span> <span class='ocrx_word' id='word_1_32' title='bbox 1268 718 1323 791; x_wconf 82' lang='grc' dir='ltr'><strong><em>διὰ</em></strong></span> <span class='ocrx_word' id='word_1_33' title='bbox 1351 728 1456 795; x_wconf 87' lang='grc' dir='ltr'><strong><em>τοῦτο</em></strong></span> <span class='ocrx_word' id='word_1_34' title='bbox 1486 722 1548 797; x_wconf 77' lang='grc' dir='ltr'><strong><em>οὐκ</em></strong></span> 
     </span>
     <span class='ocr_line' id='line_1_4' title="bbox 243 814 1547 911; baseline 0.003 -19"><span class='ocrx_word' id='word_1_35' title='bbox 243 819 405 911; x_wconf 80' lang='grc' dir='ltr'><strong><em>ἤκουσαν,</em></strong></span> <span class='ocrx_word' id='word_1_36' title='bbox 435 825 508 894; x_wconf 86' lang='grc' dir='ltr'><strong><em>έπεὶ</em></strong></span> <span class='ocrx_word' id='word_1_37' title='bbox 528 828 663 911; x_wconf 87' lang='grc' dir='ltr'><strong><em>πτωχοί</em></strong></span> <span class='ocrx_word' id='word_1_38' title='bbox 684 827 775 892; x_wconf 79' lang='grc' dir='ltr'><strong><em>εἰσιν.</em></strong></span> <span class='ocrx_word' id='word_1_39' title='bbox 814 815 1038 908; x_wconf 78' lang='grc' dir='ltr'><em>»πορεύσομαι</em></span> <span class='ocrx_word' id='word_1_40' title='bbox 1059 815 1146 907; x_wconf 86' lang='grc' dir='ltr'><strong><em>πρὸς</em></strong></span> <span class='ocrx_word' id='word_1_41' title='bbox 1167 817 1248 902; x_wconf 85' lang='grc' dir='ltr'><strong><em>τούς</em></strong></span> <span class='ocrx_word' id='word_1_42' title='bbox 1269 814 1392 909; x_wconf 85' lang='grc' dir='ltr'><strong><em>άδρούς</em></strong></span> <span class='ocrx_word' id='word_1_43' title='bbox 1413 827 1469 892; x_wconf 88' lang='grc' dir='ltr'><strong><em>καί</em></strong></span> <span class='ocrx_word' id='word_1_44' title='bbox 1490 836 1547 896; x_wconf 92' lang='grc' dir='ltr'><strong><em>λα-</em></strong></span> 
     </span>
     <span class='ocr_line' id='line_1_5' title="bbox 244 914 1548 1012; baseline 0.002 -20"><span class='ocrx_word' id='word_1_45' title='bbox 244 922 336 1012; x_wconf 84' lang='grc' dir='ltr'><strong><em>λήσω</em></strong></span> <span class='ocrx_word' id='word_1_46' title='bbox 364 918 510 1004; x_wconf 80' lang='grc' dir='ltr'><strong><em>αότοῑςι,</em></strong></span> <span class='ocrx_word' id='word_1_47' title='bbox 552 928 607 992; x_wconf 84' lang='grc' dir='ltr'><strong><em>καὶ</em></strong></span> <span class='ocrx_word' id='word_1_48' title='bbox 635 928 662 992; x_wconf 89' lang='grc' dir='ltr'><strong><em>εί</em></strong></span> <span class='ocrx_word' id='word_1_49' title='bbox 690 925 782 992; x_wconf 80' lang='grc' dir='ltr'><strong><em>ἔστιν</em></strong></span> <span class='ocrx_word' id='word_1_50' title='bbox 807 915 973 1008; x_wconf 87' lang='grc' dir='ltr'><strong><em>μακάριον</em></strong></span> <span class='ocrx_word' id='word_1_51' title='bbox 996 917 1081 988; x_wconf 83' lang='grc' dir='ltr'><strong><em>εἶναι</em></strong></span> <span class='ocrx_word' id='word_1_52' title='bbox 1103 920 1158 989; x_wconf 81' lang='grc' dir='ltr'><strong><em>ἐπὶ</em></strong></span> <span class='ocrx_word' id='word_1_53' title='bbox 1180 925 1231 1007; x_wconf 82' lang='grc' dir='ltr'><strong><em>τῷ</em></strong></span> <span class='ocrx_word' id='word_1_54' title='bbox 1254 923 1363 1007; x_wconf 81' lang='grc' dir='ltr'><strong><em>λέγειν</em></strong></span> <span class='ocrx_word' id='word_1_55' title='bbox 1388 925 1451 1004; x_wconf 76' lang='grc' dir='ltr'><strong><em>»εἰς</em></strong></span> <span class='ocrx_word' id='word_1_56' title='bbox 1474 914 1548 995; x_wconf 77' lang='grc' dir='ltr'><strong><em>ὦτα</em></strong></span> 
     </span>
     <span class='ocr_line' id='line_1_6' title="bbox 210 1013 1550 1112; baseline -0.001 -17"><span class='ocrx_word' id='word_1_57' title='bbox 210 1019 480 1106; x_wconf 78' lang='grc' dir='ltr'><strong><em>ῡάκουόντωνι,</em></strong></span> <span class='ocrx_word' id='word_1_58' title='bbox 521 1016 687 1111; x_wconf 88' lang='grc' dir='ltr'><strong><em>μακάριόν</em></strong></span> <span class='ocrx_word' id='word_1_59' title='bbox 718 1023 810 1092; x_wconf 79' lang='grc' dir='ltr'><strong><em>ἐστιν</em></strong></span> <span class='ocrx_word' id='word_1_60' title='bbox 841 1014 964 1105; x_wconf 78' lang='grc' dir='ltr'><strong><em>ἐάνπερ</em></strong></span> <span class='ocrx_word' id='word_1_61' title='bbox 991 1015 1074 1104; x_wconf 82' lang='grc' dir='ltr'><strong><em>τάχη</em></strong></span> <span class='ocrx_word' id='word_1_62' title='bbox 1102 1046 1154 1101; x_wconf 91' lang='grc' dir='ltr'><strong><em>τις</em></strong></span> <span class='ocrx_word' id='word_1_63' title='bbox 1180 1013 1286 1107; x_wconf 82' lang='grc' dir='ltr'><strong><em>άδροῦ</em></strong></span> <span class='ocrx_word' id='word_1_64' title='bbox 1319 1027 1376 1090; x_wconf 84' lang='grc' dir='ltr'><strong><em>καὶ</em></strong></span> <span class='ocrx_word' id='word_1_65' title='bbox 1401 1019 1550 1112; x_wconf 75' lang='grc' dir='ltr'><em>μεγάλου</em></span> 
     </span>
     <span class='ocr_line' id='line_1_7' title="bbox 245 1110 1549 1213; baseline 0 -19"><span class='ocrx_word' id='word_1_66' title='bbox 245 1119 422 1208; x_wconf 78' lang='grc' dir='ltr'><strong><em>ἀκροατοῦ.</em></strong></span> <span class='ocrx_word' id='word_1_67' title='bbox 458 1122 512 1193; x_wconf 84' lang='grc' dir='ltr'><strong><em>διὰ</em></strong></span> <span class='ocrx_word' id='word_1_68' title='bbox 534 1128 640 1194; x_wconf 85' lang='grc' dir='ltr'><strong><em>τοῦτο</em></strong></span> <span class='ocrx_word' id='word_1_69' title='bbox 663 1119 799 1192; x_wconf 83' lang='grc' dir='ltr'><strong><em>τούτων</em></strong></span> <span class='ocrx_word' id='word_1_70' title='bbox 822 1110 933 1200; x_wconf 69' lang='grc' dir='ltr'><strong><em>οὕτως</em></strong></span> <span class='ocrx_word' id='word_1_71' title='bbox 955 1122 1157 1206; x_wconf 82' lang='grc' dir='ltr'><strong><em>λεγομένων,</em></strong></span> <span class='ocrx_word' id='word_1_72' title='bbox 1180 1113 1306 1201; x_wconf 86' lang='grc' dir='ltr'><strong><em>εἰδότες</em></strong></span> <span class='ocrx_word' id='word_1_73' title='bbox 1328 1113 1549 1213; x_wconf 62' lang='grc' dir='ltr'><strong><em>ότιοδζημία</em></strong></span> 
     </span>
     <span class='ocr_line' id='line_1_8' title="bbox 244 1213 1549 1310; baseline 0.001 -18"><span class='ocrx_word' id='word_1_74' title='bbox 244 1241 316 1304; x_wconf 84' lang='grc' dir='ltr'><strong><em>τοῖς</em></strong></span> <span class='ocrx_word' id='word_1_75' title='bbox 347 1227 501 1310; x_wconf 92' lang='grc' dir='ltr'><strong><em>λέγουσιν</em></strong></span> <span class='ocrx_word' id='word_1_76' title='bbox 531 1215 613 1292; x_wconf 85' lang='grc' dir='ltr'><strong><em>όσον</em></strong></span> <span class='ocrx_word' id='word_1_77' title='bbox 644 1237 717 1302; x_wconf 82' lang='grc' dir='ltr'><strong><em>τοις</em></strong></span> <span class='ocrx_word' id='word_1_78' title='bbox 748 1215 928 1290; x_wconf 83' lang='grc' dir='ltr'><strong><em>άκοόουσίν</em></strong></span> <span class='ocrx_word' id='word_1_79' title='bbox 958 1220 1050 1287; x_wconf 82' lang='grc' dir='ltr'><strong><em>ἐστιν</em></strong></span> <span class='ocrx_word' id='word_1_80' title='bbox 1081 1213 1122 1286; x_wconf 86' lang='grc' dir='ltr'><strong><em>τὸ</em></strong></span> <span class='ocrx_word' id='word_1_81' title='bbox 1152 1215 1197 1306; x_wconf 81' lang='grc' dir='ltr'><strong><em>μὴ</em></strong></span> <span class='ocrx_word' id='word_1_82' title='bbox 1227 1219 1475 1307; x_wconf 61' lang='grc' dir='ltr'><strong><em>παραδέχεσθαι</em></strong></span> <span class='ocrx_word' id='word_1_83' title='bbox 1505 1220 1549 1294; x_wconf 88' lang='grc' dir='ltr'><strong><em>τά</em></strong></span> 
     </span>
     <span class='ocr_line' id='line_1_9' title="bbox 244 1312 1549 1412; baseline -0.001 -18"><span class='ocrx_word' id='word_1_84' title='bbox 244 1319 533 1412; x_wconf 86' lang='grc' dir='ltr'><strong><em>άπαγγελλόμενα,</em></strong></span> <span class='ocrx_word' id='word_1_85' title='bbox 554 1328 611 1392; x_wconf 87' lang='grc' dir='ltr'><strong><em>καὶ</em></strong></span> <span class='ocrx_word' id='word_1_86' title='bbox 631 1337 814 1408; x_wconf 81' lang='grc' dir='ltr'><strong><em>κατηγορεῖ</em></strong></span> <span class='ocrx_word' id='word_1_87' title='bbox 832 1323 1000 1404; x_wconf 77' lang='grc' dir='ltr'><strong><em>πτωχείας</em></strong></span> <span class='ocrx_word' id='word_1_88' title='bbox 1022 1322 1085 1389; x_wconf 83' lang='grc' dir='ltr'><strong><em>τοῦ</em></strong></span> <span class='ocrx_word' id='word_1_89' title='bbox 1106 1321 1170 1387; x_wconf 86' lang='grc' dir='ltr'><strong><em>νοῦ</em></strong></span> <span class='ocrx_word' id='word_1_90' title='bbox 1191 1312 1307 1387; x_wconf 78' lang='grc' dir='ltr'><strong><em>αὐτῶν</em></strong></span> <span class='ocrx_word' id='word_1_91' title='bbox 1329 1325 1384 1388; x_wconf 84' lang='grc' dir='ltr'><strong><em>καλ</em></strong></span> <span class='ocrx_word' id='word_1_92' title='bbox 1404 1326 1466 1409; x_wconf 82' lang='grc' dir='ltr'><strong><em>τῆς</em></strong></span> <span class='ocrx_word' id='word_1_93' title='bbox 1481 1326 1549 1393; x_wconf 89' lang='grc' dir='ltr'><strong><em>δια·</em></strong></span> 
     </span>
     <span class='ocr_line' id='line_1_10' title="bbox 245 1408 1549 1510; baseline 0.002 -18"><span class='ocrx_word' id='word_1_94' title='bbox 245 1427 350 1507; x_wconf 82' lang='grc' dir='ltr'><strong><em>νοίας,</em></strong></span> <span class='ocrx_word' id='word_1_95' title='bbox 382 1426 667 1510; x_wconf 80' lang='grc' dir='ltr'><strong><em>παρακαλέσωμεν</em></strong></span> <span class='ocrx_word' id='word_1_96' title='bbox 694 1415 762 1490; x_wconf 86' lang='grc' dir='ltr'><strong><em>άπὸ</em></strong></span> <span class='ocrx_word' id='word_1_97' title='bbox 790 1423 853 1488; x_wconf 82' lang='grc' dir='ltr'><strong><em>τοῦ</em></strong></span> <span class='ocrx_word' id='word_1_98' title='bbox 873 1421 958 1487; x_wconf 86' lang='grc' dir='ltr'><strong><em>θεοῦ</em></strong></span> <span class='ocrx_word' id='word_1_99' title='bbox 980 1424 1094 1499; x_wconf 79' lang='grc' dir='ltr'><strong><em>λαβεῖν</em></strong></span> <span class='ocrx_word' id='word_1_100' title='bbox 1116 1408 1281 1500; x_wconf 77' lang='grc' dir='ltr'><strong><em>αὔξοντος</em></strong></span> <span class='ocrx_word' id='word_1_101' title='bbox 1302 1424 1367 1489; x_wconf 84' lang='grc' dir='ltr'><strong><em>τοῦ</em></strong></span> <span class='ocrx_word' id='word_1_102' title='bbox 1387 1418 1491 1509; x_wconf 82' lang='grc' dir='ltr'><strong><em>λόγου</em></strong></span> <span class='ocrx_word' id='word_1_103' title='bbox 1512 1426 1549 1494; x_wconf 81' lang='grc' dir='ltr'><strong><em>ἐν</em></strong></span> 
     </span>
     <span class='ocr_line' id='line_1_11' title="bbox 195 1512 1550 1610; baseline 0.004 -22"><span class='ocrx_word' id='word_1_104' title='bbox 195 1535 227 1589; x_wconf 83' lang='grc'><strong><em>10</em></strong></span> <span class='ocrx_word' id='word_1_105' title='bbox 245 1518 323 1610; x_wconf 80' lang='grc' dir='ltr'><strong><em>ἡμῖν</em></strong></span> <span class='ocrx_word' id='word_1_106' title='bbox 344 1517 517 1610; x_wconf 78' lang='grc' dir='ltr'><strong><em>ἁδρότητα</em></strong></span> <span class='ocrx_word' id='word_1_107' title='bbox 538 1526 594 1591; x_wconf 86' lang='grc' dir='ltr'><strong><em>καὶ</em></strong></span> <span class='ocrx_word' id='word_1_108' title='bbox 616 1514 861 1610; x_wconf 86' lang='grc' dir='ltr'><strong><em>μεγαλειότητα</em></strong></span> <span class='ocrx_word' id='word_1_109' title='bbox 882 1520 919 1587; x_wconf 84' lang='grc' dir='ltr'><strong><em>ἐν</em></strong></span> <span class='ocrx_word' id='word_1_110' title='bbox 941 1521 1078 1606; x_wconf 82' lang='grc' dir='ltr'><strong><em>Χριστῷ</em></strong></span> <span class='ocrx_word' id='word_1_111' title='bbox 1100 1512 1218 1604; x_wconf 82' lang='grc' dir='ltr'><strong><em>Ἰησοῦ,</em></strong></span> <span class='ocrx_word' id='word_1_112' title='bbox 1241 1519 1295 1586; x_wconf 78' lang='grc' dir='ltr'><strong><em>ἵνα</em></strong></span> <span class='ocrx_word' id='word_1_113' title='bbox 1317 1512 1456 1592; x_wconf 85' lang='grc' dir='ltr'><strong><em>άκοῦσαι</em></strong></span> <span class='ocrx_word' id='word_1_114' title='bbox 1475 1528 1550 1593; x_wconf 83' lang='grc' dir='ltr'><strong><em>τῶν</em></strong></span> 
     </span>
     <span class='ocr_line' id='line_1_12' title="bbox 244 1607 1550 1711; baseline 0 -19"><span class='ocrx_word' id='word_1_115' title='bbox 244 1625 421 1711; x_wconf 78' lang='grc' dir='ltr'><strong><em>ἱερῶνκαὶ</em></strong></span> <span class='ocrx_word' id='word_1_116' title='bbox 444 1616 551 1709; x_wconf 87' lang='grc' dir='ltr'><strong><em>άγίων</em></strong></span> <span class='ocrx_word' id='word_1_117' title='bbox 574 1617 689 1708; x_wconf 89' lang='grc' dir='ltr'><strong><em>λόγων</em></strong></span> <span class='ocrx_word' id='word_1_118' title='bbox 710 1623 922 1706; x_wconf 76' lang='grc' dir='ltr'><strong><em>δυνηθῶμεν,</em></strong></span> <span class='ocrx_word' id='word_1_119' title='bbox 946 1607 975 1705; x_wconf 76' lang='grc' dir='ltr'><em>ᾧ</em></span> <span class='ocrx_word' id='word_1_120' title='bbox 997 1611 1018 1705; x_wconf 82' lang='grc' dir='ltr'><em>ἡ</em></span> <span class='ocrx_word' id='word_1_121' title='bbox 1041 1611 1122 1702; x_wconf 76' lang='grc' dir='ltr'><strong><em>δόξα</em></strong></span> <span class='ocrx_word' id='word_1_122' title='bbox 1140 1623 1197 1686; x_wconf 85' lang='grc' dir='ltr'><strong><em>καὶ</em></strong></span> <span class='ocrx_word' id='word_1_123' title='bbox 1212 1614 1253 1687; x_wconf 87' lang='grc' dir='ltr'><strong><em>τό</em></strong></span> <span class='ocrx_word' id='word_1_124' title='bbox 1268 1613 1394 1704; x_wconf 86' lang='grc' dir='ltr'><strong><em>κρότος</em></strong></span> <span class='ocrx_word' id='word_1_125' title='bbox 1408 1621 1454 1702; x_wconf 88' lang='grc' dir='ltr'><strong><em>είς</em></strong></span> <span class='ocrx_word' id='word_1_126' title='bbox 1469 1621 1550 1703; x_wconf 82' lang='grc' dir='ltr'><strong><em>τούς</em></strong></span> 
     </span>
     <span class='ocr_line' id='line_1_13' title="bbox 244 1713 786 1807; baseline -0.011 -16"><span class='ocrx_word' id='word_1_127' title='bbox 244 1725 370 1804; x_wconf 80' lang='grc' dir='ltr'><strong><em>αἰῶνας</em></strong></span> <span class='ocrx_word' id='word_1_128' title='bbox 392 1729 466 1792; x_wconf 80' lang='grc' dir='ltr'><strong><em>τῶν</em></strong></span> <span class='ocrx_word' id='word_1_129' title='bbox 489 1720 636 1792; x_wconf 80' lang='grc' dir='ltr'><strong><em>αἰώνων.</em></strong></span> <span class='ocrx_word' id='word_1_130' title='bbox 679 1713 786 1807; x_wconf 84' lang='grc' dir='ltr'><strong><em>Ἀμήν.</em></strong></span> 
     </span>
    </p>
   </div>
   <div class='ocr_carea' id='block_1_3' title="bbox 795 1957 1004 1968">
    <p class='ocr_par' dir='ltr' id='par_1_3' title="bbox 795 1957 1004 1968">
     <span class='ocr_line' id='line_1_14' title="bbox 795 1957 1004 1968; baseline 0 -4"><span class='ocrx_word' id='word_1_131' title='bbox 795 1957 1004 1968; x_wconf 66' lang='lat'>....-....—-.-</span> 
     </span>
    </p>
   </div>
   <div class='ocr_carea' id='block_1_4' title="bbox 313 2151 1481 2258">
    <p class='ocr_par' dir='ltr' id='par_1_4' title="bbox 313 2151 1481 2258">
     <span class='ocr_line' id='line_1_15' title="bbox 313 2151 1481 2258; baseline 0 -28"><span class='ocrx_word' id='word_1_132' title='bbox 313 2163 384 2241; x_wconf 75' lang='grc' dir='ltr'><strong><em>Εἷς</em></strong></span> <span class='ocrx_word' id='word_1_133' title='bbox 410 2156 457 2232; x_wconf 89' lang='grc' dir='ltr'><strong><em>τὸ</em></strong></span> <span class='ocrx_word' id='word_1_134' title='bbox 483 2157 571 2231; x_wconf 76' lang='grc' dir='ltr'><strong><em>»καὶ</em></strong></span> <span class='ocrx_word' id='word_1_135' title='bbox 599 2159 716 2231; x_wconf 81' lang='grc' dir='ltr'><strong><em>ἔσται</em></strong></span> <span class='ocrx_word' id='word_1_136' title='bbox 744 2159 788 2230; x_wconf 83' lang='grc' dir='ltr'><strong><em>ἐν</em></strong></span> <span class='ocrx_word' id='word_1_137' title='bbox 813 2160 909 2236; x_wconf 84' lang='grc' dir='ltr'><strong><em>ταῖς</em></strong></span> <span class='ocrx_word' id='word_1_138' title='bbox 935 2151 1114 2248; x_wconf 79' lang='grc' dir='ltr'><strong><em>ἡμέραις</em></strong></span> <span class='ocrx_word' id='word_1_139' title='bbox 1140 2151 1342 2241; x_wconf 75' lang='grc' dir='ltr'><strong><em>ἐκείναις,</em></strong></span> <span class='ocrx_word' id='word_1_140' title='bbox 1370 2156 1481 2258; x_wconf 82' lang='grc' dir='ltr'><strong><em>λέγει</em></strong></span> 
     </span>
    </p>
   </div>
   <div class='ocr_carea' id='block_1_5' title="bbox 245 2285 1547 2390">
    <p class='ocr_par' dir='ltr' id='par_1_5' title="bbox 245 2285 1547 2390">
     <span class='ocr_line' id='line_1_16' title="bbox 245 2285 1547 2390; baseline -0.003 -24"><span class='ocrx_word' id='word_1_141' title='bbox 245 2289 544 2390; x_wconf 80' lang='grc' dir='ltr'><strong><em>κύριοςὸθεός</em></strong></span> <span class='ocrx_word' id='word_1_142' title='bbox 572 2318 665 2379; x_wconf 87' lang='grc' dir='ltr'><strong><em>σου,</em></strong></span> <span class='ocrx_word' id='word_1_143' title='bbox 693 2291 743 2366; x_wconf 82' lang='grc' dir='ltr'><strong><em>οὐ</em></strong></span> <span class='ocrx_word' id='word_1_144' title='bbox 769 2289 825 2386; x_wconf 84' lang='grc' dir='ltr'><strong><em>μὴ</em></strong></span> <span class='ocrx_word' id='word_1_145' title='bbox 852 2287 1027 2372; x_wconf 79' lang='grc' dir='ltr'><strong><em>πατάξω</em></strong></span> <span class='ocrx_word' id='word_1_146' title='bbox 1054 2285 1168 2377; x_wconf 80' lang='grc' dir='ltr'><strong><em>ὑμᾶς</em></strong></span> <span class='ocrx_word' id='word_1_147' title='bbox 1194 2293 1251 2371; x_wconf 83' lang='grc' dir='ltr'><strong><em>είς</em></strong></span> <span class='ocrx_word' id='word_1_148' title='bbox 1276 2293 1547 2368; x_wconf 79' lang='grc' dir='ltr'><strong><em>συντέλειανι</em></strong></span> 
     </span>
    </p>
   </div>
   <div class='ocr_carea' id='block_1_6' title="bbox 196 2421 1475 2530">
    <p class='ocr_par' dir='ltr' id='par_1_6' title="bbox 196 2421 1475 2530">
     <span class='ocr_line' id='line_1_17' title="bbox 196 2421 1475 2530; baseline -0.003 -26"><span class='ocrx_word' id='word_1_149' title='bbox 196 2452 227 2506; x_wconf 77' lang='lat'><strong><em>15</em></strong></span> <span class='ocrx_word' id='word_1_150' title='bbox 316 2429 442 2526; x_wconf 81' lang='grc' dir='ltr'><strong><em>μέχρι</em></strong></span> <span class='ocrx_word' id='word_1_151' title='bbox 478 2435 554 2504; x_wconf 79' lang='grc' dir='ltr'><strong><em>τοῦ</em></strong></span> <span class='ocrx_word' id='word_1_152' title='bbox 587 2426 740 2510; x_wconf 72' lang='grc' dir='ltr'><strong><em>»οὕτως</em></strong></span> <span class='ocrx_word' id='word_1_153' title='bbox 774 2421 1030 2501; x_wconf 76' lang='grc' dir='ltr'><strong><em>δουλεύσετε</em></strong></span> <span class='ocrx_word' id='word_1_154' title='bbox 1068 2422 1309 2520; x_wconf 79' lang='grc' dir='ltr'><strong><em>ἀλλοτρίοις</em></strong></span> <span class='ocrx_word' id='word_1_155' title='bbox 1343 2428 1388 2502; x_wconf 81' lang='grc' dir='ltr'><strong><em>ἐν</em></strong></span> <span class='ocrx_word' id='word_1_156' title='bbox 1422 2437 1475 2530; x_wconf 60' lang='lat' dir='ltr'><strong><em>ys*</em></strong></span> 
     </span>
    </p>
   </div>
   <div class='ocr_carea' id='block_1_7' title="bbox 769 2559 1029 2656">
    <p class='ocr_par' dir='ltr' id='par_1_7' title="bbox 769 2559 1029 2656">
     <span class='ocr_line' id='line_1_18' title="bbox 769 2559 1029 2656; baseline -0.015 -20"><span class='ocrx_word' id='word_1_157' title='bbox 769 2561 848 2656; x_wconf 75' lang='grc' dir='ltr'><strong><em>οὐχ</em></strong></span> <span class='ocrx_word' id='word_1_158' title='bbox 874 2559 1029 2656; x_wconf 77' lang='grc' dir='ltr'><strong><em>ὑμῶνι.</em></strong></span> 
     </span>
    </p>
   </div>
   <div class='ocr_carea' id='block_1_8' title="bbox 787 2774 1005 2875">
    <p class='ocr_par' dir='ltr' id='par_1_8' title="bbox 787 2774 1005 2875">
     <span class='ocr_line' id='line_1_19' title="bbox 787 2774 1005 2875; baseline 0 -21"><span class='ocrx_word' id='word_1_159' title='bbox 787 2777 936 2875; x_wconf 85' lang='grc' dir='ltr'><strong><em>Ὁμιλία</em></strong></span> <span class='ocrx_word' id='word_1_160' title='bbox 964 2774 1005 2868; x_wconf 78' lang='grc' dir='ltr'><strong><em>ζ’.</em></strong></span> 
     </span>
    </p>
   </div>
   <div class='ocr_carea' id='block_1_9' title="bbox 195 2947 1554 3845">
    <p class='ocr_par' dir='ltr' id='par_1_9' title="bbox 195 2947 1554 3845">
     <span class='ocr_line' id='line_1_20' title="bbox 331 2947 1553 3045; baseline 0.003 -19"><span class='ocrx_word' id='word_1_161' title='bbox 331 2967 356 3027; x_wconf 88' lang='grc'><strong><em>1.</em></strong></span> <span class='ocrx_word' id='word_1_162' title='bbox 377 2949 408 3026; x_wconf 88' lang='lat'><strong><em>‘0</em></strong></span> <span class='ocrx_word' id='word_1_163' title='bbox 428 2963 570 3044; x_wconf 71' lang='grc' dir='ltr'><strong><em>»κρίνων</em></strong></span> <span class='ocrx_word' id='word_1_164' title='bbox 592 2954 679 3027; x_wconf 86' lang='grc' dir='ltr'><strong><em>κατά</em></strong></span> <span class='ocrx_word' id='word_1_165' title='bbox 701 2958 817 3045; x_wconf 76' lang='grc' dir='ltr'><strong><em>βραχὺ&lt;</em></strong></span> <span class='ocrx_word' id='word_1_166' title='bbox 840 2956 921 3040; x_wconf 88' lang='grc' dir='ltr'><strong><em>θεὸς</em></strong></span> <span class='ocrx_word' id='word_1_167' title='bbox 936 2955 1017 3036; x_wconf 80' lang='grc' dir='ltr'><strong><em>τούς</em></strong></span> <span class='ocrx_word' id='word_1_168' title='bbox 1031 2947 1279 3043; x_wconf 82' lang='grc' dir='ltr'><strong><em>κολαζομένους</em></strong></span> <span class='ocrx_word' id='word_1_169' title='bbox 1299 2959 1426 3026; x_wconf 79' lang='grc' dir='ltr'><strong><em>&gt;δίδωσι</em></strong></span> <span class='ocrx_word' id='word_1_170' title='bbox 1442 2953 1553 3030; x_wconf 87' lang='grc' dir='ltr'><strong><em>τόπον</em></strong></span> 
     </span>
     <span class='ocr_line' id='line_1_21' title="bbox 246 3050 1553 3147; baseline 0.002 -20"><span class='ocrx_word' id='word_1_171' title='bbox 246 3063 447 3144; x_wconf 64' lang='grc' dir='ltr'><strong><em>μετανοίας,</em></strong></span> <span class='ocrx_word' id='word_1_172' title='bbox 470 3063 524 3126; x_wconf 85' lang='grc' dir='ltr'><strong><em>καί</em></strong></span> <span class='ocrx_word' id='word_1_173' title='bbox 547 3052 607 3144; x_wconf 82' lang='grc' dir='ltr'><strong><em>οδχ</em></strong></span> <span class='ocrx_word' id='word_1_174' title='bbox 630 3050 697 3144; x_wconf 86' lang='grc' dir='ltr'><strong><em>άμα</em></strong></span> <span class='ocrx_word' id='word_1_175' title='bbox 720 3063 771 3146; x_wconf 84' lang='grc' dir='ltr'><strong><em>τῷ</em></strong></span> <span class='ocrx_word' id='word_1_176' title='bbox 794 3051 982 3147; x_wconf 82' lang='grc' dir='ltr'><strong><em>άμαρτῆσαι</em></strong></span> <span class='ocrx_word' id='word_1_177' title='bbox 996 3051 1154 3140; x_wconf 81' lang='grc' dir='ltr'><strong><em>κολάζων</em></strong></span> <span class='ocrx_word' id='word_1_178' title='bbox 1170 3060 1264 3144; x_wconf 80' lang='grc' dir='ltr'><strong><em>φέρει</em></strong></span> <span class='ocrx_word' id='word_1_179' title='bbox 1279 3053 1343 3143; x_wconf 84' lang='grc' dir='ltr'><strong><em>τὴν</em></strong></span> <span class='ocrx_word' id='word_1_180' title='bbox 1358 3063 1553 3130; x_wconf 81' lang='grc' dir='ltr'><strong><em>συντέλειαν</em></strong></span> 
     </span>
     <span class='ocr_line' id='line_1_22' title="bbox 195 3151 1549 3247; baseline 0.002 -21"><span class='ocrx_word' id='word_1_181' title='bbox 195 3171 230 3226; x_wconf 79' lang='grc'><strong><em>20</em></strong></span> <span class='ocrx_word' id='word_1_182' title='bbox 247 3161 308 3245; x_wconf 84' lang='grc' dir='ltr'><strong><em>τῆς</em></strong></span> <span class='ocrx_word' id='word_1_183' title='bbox 327 3151 503 3237; x_wconf 81' lang='grc' dir='ltr'><strong><em>κολάσεως</em></strong></span> <span class='ocrx_word' id='word_1_184' title='bbox 524 3159 579 3226; x_wconf 80' lang='grc' dir='ltr'><strong><em>ἐπὶ</em></strong></span> <span class='ocrx_word' id='word_1_185' title='bbox 601 3153 665 3227; x_wconf 87' lang='grc' dir='ltr'><strong><em>τὸν</em></strong></span> <span class='ocrx_word' id='word_1_186' title='bbox 684 3153 910 3247; x_wconf 82' lang='grc' dir='ltr'><strong><em>ἡμαρτηκότα.</em></strong></span> <span class='ocrx_word' id='word_1_187' title='bbox 947 3154 1000 3227; x_wconf 84' lang='grc' dir='ltr'><strong><em>διά</em></strong></span> <span class='ocrx_word' id='word_1_188' title='bbox 1023 3159 1128 3226; x_wconf 86' lang='grc' dir='ltr'><strong><em>τοῦτο</em></strong></span> <span class='ocrx_word' id='word_1_189' title='bbox 1154 3151 1258 3225; x_wconf 79' lang='grc' dir='ltr'><strong><em>»κατά</em></strong></span> <span class='ocrx_word' id='word_1_190' title='bbox 1279 3153 1383 3242; x_wconf 78' lang='grc' dir='ltr'><strong><em>βραχὺ</em></strong></span> <span class='ocrx_word' id='word_1_191' title='bbox 1403 3163 1549 3242; x_wconf 77' lang='grc' dir='ltr'><strong><em>κρίνωνι</em></strong></span> 
     </span>
     <span class='ocr_line' id='line_1_23' title="bbox 246 3252 1553 3346; baseline 0.003 -22"><span class='ocrx_word' id='word_1_192' title='bbox 246 3252 390 3340; x_wconf 78' lang='grc' dir='ltr'><strong><em>κολάζει.</em></strong></span> <span class='ocrx_word' id='word_1_193' title='bbox 432 3262 488 3326; x_wconf 87' lang='grc' dir='ltr'><strong><em>καὶ</em></strong></span> <span class='ocrx_word' id='word_1_194' title='bbox 516 3253 644 3327; x_wconf 83' lang='grc' dir='ltr'><strong><em>τούτου</em></strong></span> <span class='ocrx_word' id='word_1_195' title='bbox 669 3257 710 3328; x_wconf 84' lang='grc' dir='ltr'><strong><em>τὸ</em></strong></span> <span class='ocrx_word' id='word_1_196' title='bbox 737 3253 945 3346; x_wconf 88' lang='grc' dir='ltr'><strong><em>παράδειγμα</em></strong></span> <span class='ocrx_word' id='word_1_197' title='bbox 972 3260 1085 3341; x_wconf 79' lang='grc' dir='ltr'><strong><em>[ἐστιν]</em></strong></span> <span class='ocrx_word' id='word_1_198' title='bbox 1114 3256 1151 3324; x_wconf 86' lang='grc' dir='ltr'><strong><em>έν</em></strong></span> <span class='ocrx_word' id='word_1_199' title='bbox 1178 3257 1228 3341; x_wconf 84' lang='grc' dir='ltr'><strong><em>τῷ</em></strong></span> <span class='ocrx_word' id='word_1_200' title='bbox 1252 3260 1420 3343; x_wconf 81' lang='grc' dir='ltr'><strong><em>Λευιτικῷ</em></strong></span> <span class='ocrx_word' id='word_1_201' title='bbox 1447 3260 1553 3328; x_wconf 84' lang='grc' dir='ltr'><strong><em>ἐστιν·</em></strong></span> 
     </span>
     <span class='ocr_line' id='line_1_24' title="bbox 247 3348 1554 3445; baseline 0.005 -22"><span class='ocrx_word' id='word_1_202' title='bbox 247 3357 283 3423; x_wconf 84' lang='grc' dir='ltr'><strong><em>έν</em></strong></span> <span class='ocrx_word' id='word_1_203' title='bbox 305 3352 368 3443; x_wconf 83' lang='grc' dir='ltr'><strong><em>γάρ</em></strong></span> <span class='ocrx_word' id='word_1_204' title='bbox 390 3371 465 3437; x_wconf 81' lang='grc' dir='ltr'><strong><em>ταῖς</em></strong></span> <span class='ocrx_word' id='word_1_205' title='bbox 486 3361 560 3425; x_wconf 83' lang='grc' dir='ltr'><strong><em>τῶν</em></strong></span> <span class='ocrx_word' id='word_1_206' title='bbox 581 3352 867 3444; x_wconf 83' lang='grc' dir='ltr'><strong><em>παραβαινόντων</em></strong></span> <span class='ocrx_word' id='word_1_207' title='bbox 889 3355 952 3427; x_wconf 89' lang='grc' dir='ltr'><strong><em>τόν</em></strong></span> <span class='ocrx_word' id='word_1_208' title='bbox 974 3351 1079 3443; x_wconf 92' lang='grc' dir='ltr'><strong><em>νόμον</em></strong></span> <span class='ocrx_word' id='word_1_209' title='bbox 1094 3348 1189 3441; x_wconf 78' lang='grc' dir='ltr'><strong><em>άραλς</em></strong></span> <span class='ocrx_word' id='word_1_210' title='bbox 1205 3348 1455 3441; x_wconf 78' lang='grc' dir='ltr'><strong><em>ἀναγέγραπται</em></strong></span> <span class='ocrx_word' id='word_1_211' title='bbox 1469 3356 1554 3445; x_wconf 84' lang='grc' dir='ltr'><strong><em>μετὰ</em></strong></span> 
     </span>
     <span class='ocr_line' id='line_1_25' title="bbox 249 3448 1554 3546; baseline 0.005 -23"><span class='ocrx_word' id='word_1_212' title='bbox 249 3452 309 3535; x_wconf 83' lang='grc' dir='ltr'><strong><em>τὰς</em></strong></span> <span class='ocrx_word' id='word_1_213' title='bbox 329 3450 483 3537; x_wconf 89' lang='grc' dir='ltr'><strong><em>κολάσεις</em></strong></span> <span class='ocrx_word' id='word_1_214' title='bbox 505 3453 566 3538; x_wconf 87' lang='grc' dir='ltr'><strong><em>τάς</em></strong></span> <span class='ocrx_word' id='word_1_215' title='bbox 588 3462 769 3545; x_wconf 82' lang='grc' dir='ltr'><strong><em>προτέρας·</em></strong></span> <span class='ocrx_word' id='word_1_216' title='bbox 795 3463 868 3527; x_wconf 78' lang='grc' dir='ltr'><strong><em>»καὶ</em></strong></span> <span class='ocrx_word' id='word_1_217' title='bbox 889 3457 995 3539; x_wconf 78' lang='grc' dir='ltr'><strong><em>ἔσται,</em></strong></span> <span class='ocrx_word' id='word_1_218' title='bbox 1018 3453 1078 3524; x_wconf 81' lang='grc' dir='ltr'><strong><em>ἐὰν</em></strong></span> <span class='ocrx_word' id='word_1_219' title='bbox 1099 3448 1183 3540; x_wconf 81' lang='grc' dir='ltr'><strong><em>μετὰ</em></strong></span> <span class='ocrx_word' id='word_1_220' title='bbox 1205 3457 1314 3522; x_wconf 85' lang='grc' dir='ltr'><strong><em>ταῦτα</em></strong></span> <span class='ocrx_word' id='word_1_221' title='bbox 1334 3451 1380 3542; x_wconf 78' lang='grc' dir='ltr'><strong><em>μὴ</em></strong></span> <span class='ocrx_word' id='word_1_222' title='bbox 1402 3458 1554 3546; x_wconf 77' lang='grc' dir='ltr'><strong><em>ἐπιστρα-</em></strong></span> 
     </span>
     <span class='ocr_line' id='line_1_26' title="bbox 249 3548 1554 3645; baseline 0.007 -25"><span class='ocrx_word' id='word_1_223' title='bbox 249 3559 350 3642; x_wconf 82' lang='grc' dir='ltr'><strong><em>φῆτε,</em></strong></span> <span class='ocrx_word' id='word_1_224' title='bbox 374 3559 460 3640; x_wconf 84' lang='grc' dir='ltr'><strong><em>λέγει</em></strong></span> <span class='ocrx_word' id='word_1_225' title='bbox 481 3551 609 3644; x_wconf 85' lang='grc' dir='ltr'><strong><em>κύριος,</em></strong></span> <span class='ocrx_word' id='word_1_226' title='bbox 636 3553 824 3645; x_wconf 82' lang='grc' dir='ltr'><strong><em>προσθήσω</em></strong></span> <span class='ocrx_word' id='word_1_227' title='bbox 845 3551 923 3643; x_wconf 76' lang='grc' dir='ltr'><strong><em>ὗμιν</em></strong></span> <span class='ocrx_word' id='word_1_228' title='bbox 944 3550 1038 3642; x_wconf 80' lang='grc' dir='ltr'><strong><em>κάγώ</em></strong></span> <span class='ocrx_word' id='word_1_229' title='bbox 1061 3549 1193 3640; x_wconf 86' lang='grc' dir='ltr'><strong><em>πληγάς</em></strong></span> <span class='ocrx_word' id='word_1_230' title='bbox 1215 3548 1331 3622; x_wconf 75' lang='grc' dir='ltr'><strong><em>ἓπτάι.</em></strong></span> <span class='ocrx_word' id='word_1_231' title='bbox 1373 3561 1428 3624; x_wconf 83' lang='grc' dir='ltr'><strong><em>καί</em></strong></span> <span class='ocrx_word' id='word_1_232' title='bbox 1450 3554 1554 3628; x_wconf 86' lang='grc' dir='ltr'><strong><em>πάλιν</em></strong></span> 
     </span>
     <span class='ocr_line' id='line_1_27' title="bbox 197 3648 1553 3746; baseline 0.004 -23"><span class='ocrx_word' id='word_1_233' title='bbox 197 3669 231 3723; x_wconf 80' lang='lat'><strong><em>25</em></strong></span> <span class='ocrx_word' id='word_1_234' title='bbox 249 3660 408 3742; x_wconf 82' lang='grc' dir='ltr'><strong><em>διηγεῖται</em></strong></span> <span class='ocrx_word' id='word_1_235' title='bbox 431 3651 540 3742; x_wconf 80' lang='grc' dir='ltr'><strong><em>ἄλλην</em></strong></span> <span class='ocrx_word' id='word_1_236' title='bbox 561 3651 713 3726; x_wconf 89' lang='grc' dir='ltr'><strong><em>κόλασιν·</em></strong></span> <span class='ocrx_word' id='word_1_237' title='bbox 739 3662 811 3726; x_wconf 77' lang='grc' dir='ltr'><strong><em>»καὶ</em></strong></span> <span class='ocrx_word' id='word_1_238' title='bbox 835 3658 935 3739; x_wconf 78' lang='grc' dir='ltr'><strong><em>ἔσται,</em></strong></span> <span class='ocrx_word' id='word_1_239' title='bbox 958 3651 1018 3724; x_wconf 80' lang='grc' dir='ltr'><strong><em>ἐάν</em></strong></span> <span class='ocrx_word' id='word_1_240' title='bbox 1032 3648 1116 3741; x_wconf 84' lang='grc' dir='ltr'><strong><em>μετά</em></strong></span> <span class='ocrx_word' id='word_1_241' title='bbox 1132 3656 1241 3722; x_wconf 83' lang='grc' dir='ltr'><strong><em>ταῦτα</em></strong></span> <span class='ocrx_word' id='word_1_242' title='bbox 1255 3650 1300 3741; x_wconf 87' lang='grc' dir='ltr'><strong><em>μὴ</em></strong></span> <span class='ocrx_word' id='word_1_243' title='bbox 1315 3655 1553 3746; x_wconf 81' lang='grc' dir='ltr'><strong><em>έπιστραφῆτε,</em></strong></span> 
     </span>
     <span class='ocr_line' id='line_1_28' title="bbox 249 3746 1553 3845; baseline 0.001 -21"><span class='ocrx_word' id='word_1_244' title='bbox 249 3748 333 3824; x_wconf 84' lang='grc' dir='ltr'><strong><em>άλλά</em></strong></span> <span class='ocrx_word' id='word_1_245' title='bbox 354 3751 569 3842; x_wconf 86' lang='grc' dir='ltr'><strong><em>πορεύσησθε</em></strong></span> <span class='ocrx_word' id='word_1_246' title='bbox 591 3750 678 3841; x_wconf 88' lang='grc' dir='ltr'><strong><em>πρός</em></strong></span> <span class='ocrx_word' id='word_1_247' title='bbox 698 3781 739 3843; x_wconf 90' lang='grc' dir='ltr'><strong><em>με</em></strong></span> <span class='ocrx_word' id='word_1_248' title='bbox 752 3750 900 3843; x_wconf 79' lang='grc' dir='ltr'><strong><em>πλάγιοι,</em></strong></span> <span class='ocrx_word' id='word_1_249' title='bbox 921 3750 1016 3842; x_wconf 80' lang='grc' dir='ltr'><strong><em>κάγώ</em></strong></span> <span class='ocrx_word' id='word_1_250' title='bbox 1032 3748 1238 3840; x_wconf 85' lang='grc' dir='ltr'><strong><em>πορεύσομαι</em></strong></span> <span class='ocrx_word' id='word_1_251' title='bbox 1252 3746 1329 3840; x_wconf 85' lang='grc' dir='ltr'><strong><em>μεθ’</em></strong></span> <span class='ocrx_word' id='word_1_252' title='bbox 1343 3747 1440 3841; x_wconf 72' lang='grc' dir='ltr'><strong><em>ὑμῶν</em></strong></span> <span class='ocrx_word' id='word_1_253' title='bbox 1454 3763 1553 3845; x_wconf 79' lang='grc' dir='ltr'><strong><em>θυμῷ</em></strong></span> 
     </span>
    </p>
   </div>
   <div class='ocr_carea' id='block_1_10' title="bbox 248 3954 1556 4276">
    <p class='ocr_par' dir='ltr' id='par_1_10' title="bbox 248 3954 1556 4276">
     <span class='ocr_line' id='line_1_29' title="bbox 333 3954 1554 4030; baseline 0.003 -20"><span class='ocrx_word' id='word_1_254' title='bbox 333 3955 351 4010; x_wconf 83' lang='lat'>4</span> <span class='ocrx_word' id='word_1_255' title='bbox 370 3955 434 4026; x_wconf 80' lang='lat' dir='ltr'>Vgl.</span> <span class='ocrx_word' id='word_1_256' title='bbox 447 3954 496 4010; x_wconf 85' lang='lat' dir='ltr'>Sir.</span> <span class='ocrx_word' id='word_1_257' title='bbox 510 3959 551 4022; x_wconf 84' lang='grc'><strong><em>25,</em></strong></span> <span class='ocrx_word' id='word_1_258' title='bbox 563 3960 579 4012; x_wconf 88' lang='grc'>9</span> <span class='ocrx_word' id='word_1_259' title='bbox 592 3975 641 4012; x_wconf 85' lang='lat' dir='ltr'><strong><em>zur</em></strong></span> <span class='ocrx_word' id='word_1_260' title='bbox 651 3957 733 4012; x_wconf 84' lang='lat' dir='ltr'><strong>Form</strong></span> <span class='ocrx_word' id='word_1_261' title='bbox 745 3956 792 4012; x_wconf 77' lang='lat' dir='ltr'><strong><em>dea</em></strong></span> <span class='ocrx_word' id='word_1_262' title='bbox 805 3957 893 4012; x_wconf 68' lang='lat' dir='ltr'>citata</span> <span class='ocrx_word' id='word_1_263' title='bbox 907 3957 961 4028; x_wconf 82' lang='lat' dir='ltr'>vgl.</span> <span class='ocrx_word' id='word_1_264' title='bbox 974 3956 1058 4011; x_wconf 82' lang='lat' dir='ltr'><strong>Glem.</strong></span> <span class='ocrx_word' id='word_1_265' title='bbox 1072 3955 1149 4010; x_wconf 80' lang='lat' dir='ltr'><strong>Alex.</strong></span> <span class='ocrx_word' id='word_1_266' title='bbox 1162 3954 1261 4010; x_wconf 73' lang='lat' dir='ltr'>Strom.</span> <span class='ocrx_word' id='word_1_267' title='bbox 1275 3955 1309 4021; x_wconf 90' lang='lat'><strong><em>11,</em></strong></span> <span class='ocrx_word' id='word_1_268' title='bbox 1321 3957 1346 4022; x_wconf 83' lang='lat'><strong><em>4,</em></strong></span> <span class='ocrx_word' id='word_1_269' title='bbox 1359 3957 1399 4009; x_wconf 84' lang='lat'><strong><em>17.</em></strong></span> <span class='ocrx_word' id='word_1_270' title='bbox 1412 3988 1445 3996; x_wconf 86' lang='lat'><em>-</em></span> <span class='ocrx_word' id='word_1_271' title='bbox 1461 3959 1478 4013; x_wconf 83' lang='lat'><strong>5</strong></span> <span class='ocrx_word' id='word_1_272' title='bbox 1494 3957 1554 4030; x_wconf 81' lang='lat' dir='ltr'>Vgl.</span> 
     </span>
     <span class='ocr_line' id='line_1_30' title="bbox 248 4039 1554 4112; baseline 0.005 -20"><span class='ocrx_word' id='word_1_273' title='bbox 248 4039 301 4094; x_wconf 83' lang='lat' dir='ltr'><strong>Jer.</strong></span> <span class='ocrx_word' id='word_1_274' title='bbox 314 4043 338 4103; x_wconf 80' lang='lat'><strong><em>5,</em></strong></span> <span class='ocrx_word' id='word_1_275' title='bbox 351 4043 375 4096; x_wconf 87' lang='lat'><strong><em>5.</em></strong></span> <span class='ocrx_word' id='word_1_276' title='bbox 387 4071 420 4079; x_wconf 90' lang='lat'>—</span> <span class='ocrx_word' id='word_1_277' title='bbox 436 4041 484 4098; x_wconf 85' lang='lat'><strong><em>18.</em></strong></span> <span class='ocrx_word' id='word_1_278' title='bbox 495 4041 531 4096; x_wconf 78' lang='lat'><strong><em>2⁰</em></strong></span> <span class='ocrx_word' id='word_1_279' title='bbox 543 4041 606 4110; x_wconf 80' lang='lat' dir='ltr'>Vgl.</span> <span class='ocrx_word' id='word_1_280' title='bbox 619 4041 723 4098; x_wconf 83' lang='lat' dir='ltr'><strong>Weish.</strong></span> <span class='ocrx_word' id='word_1_281' title='bbox 736 4041 789 4096; x_wconf 79' lang='lat' dir='ltr'>Sal.</span> <span class='ocrx_word' id='word_1_282' title='bbox 803 4044 843 4108; x_wconf 85' lang='lat'><strong><em>12,</em></strong></span> <span class='ocrx_word' id='word_1_283' title='bbox 857 4046 897 4098; x_wconf 92' lang='grc'><strong><em>10.</em></strong></span> <span class='ocrx_word' id='word_1_284' title='bbox 910 4073 942 4081; x_wconf 95' lang='grc'>-</span> <span class='ocrx_word' id='word_1_285' title='bbox 956 4041 1034 4098; x_wconf 65' lang='lat'>1811.</span> <span class='ocrx_word' id='word_1_286' title='bbox 1047 4040 1110 4109; x_wconf 80' lang='lat' dir='ltr'>Vgl.</span> <span class='ocrx_word' id='word_1_287' title='bbox 1120 4039 1200 4094; x_wconf 86' lang='lat' dir='ltr'><strong>Hom.</strong></span> <span class='ocrx_word' id='word_1_288' title='bbox 1211 4044 1233 4104; x_wconf 83' lang='lat'><strong><em>1,</em></strong></span> <span class='ocrx_word' id='word_1_289' title='bbox 1244 4043 1267 4096; x_wconf 87' lang='lat'><strong><em>1.</em></strong></span> <span class='ocrx_word' id='word_1_290' title='bbox 1279 4071 1311 4079; x_wconf 93' lang='lat'><em>-</em></span> <span class='ocrx_word' id='word_1_291' title='bbox 1325 4039 1405 4098; x_wconf 65' lang='lat'><strong>2811.</strong></span> <span class='ocrx_word' id='word_1_292' title='bbox 1421 4041 1481 4112; x_wconf 80' lang='lat' dir='ltr'>Vgl.</span> <span class='ocrx_word' id='word_1_293' title='bbox 1491 4043 1554 4098; x_wconf 81' lang='lat' dir='ltr'>Lev.</span> 
     </span>
     <span class='ocr_line' id='line_1_31' title="bbox 248 4121 1556 4194; baseline 0.003 -16"><span class='ocrx_word' id='word_1_294' title='bbox 248 4125 288 4186; x_wconf 81' lang='lat'><strong><em>26,</em></strong></span> <span class='ocrx_word' id='word_1_295' title='bbox 301 4125 342 4178; x_wconf 85' lang='lat'><strong><em>21.</em></strong></span> <span class='ocrx_word' id='word_1_296' title='bbox 360 4155 393 4162; x_wconf 99' lang='lat'><em>-</em></span> <span class='ocrx_word' id='word_1_297' title='bbox 412 4125 449 4180; x_wconf 77' lang='grc'><strong><em>211</em></strong></span> <span class='ocrx_word' id='word_1_298' title='bbox 467 4125 530 4194; x_wconf 79' lang='lat' dir='ltr'><strong>Vgl.</strong></span> <span class='ocrx_word' id='word_1_299' title='bbox 543 4126 607 4181; x_wconf 57' lang='grc' dir='ltr'><strong><em>[τοι.</em></strong></span> <span class='ocrx_word' id='word_1_300' title='bbox 620 4128 661 4194; x_wconf 86' lang='grc'><strong><em>26,</em></strong></span> <span class='ocrx_word' id='word_1_301' title='bbox 674 4129 714 4182; x_wconf 89' lang='grc'><strong><em>23.</em></strong></span> <span class='ocrx_word' id='word_1_302' title='bbox 733 4129 774 4183; x_wconf 78' lang='grc'><strong><em>24.</em></strong></span> <span class='ocrx_word' id='word_1_303' title='bbox 804 4126 856 4181; x_wconf 85' lang='lat' dir='ltr'><strong><em>Die</em></strong></span> <span class='ocrx_word' id='word_1_304' title='bbox 873 4127 953 4181; x_wconf 85' lang='lat' dir='ltr'><strong>Form</strong></span> <span class='ocrx_word' id='word_1_305' title='bbox 971 4125 1065 4180; x_wconf 80' lang='lat' dir='ltr'><strong>beider</strong></span> <span class='ocrx_word' id='word_1_306' title='bbox 1083 4121 1180 4187; x_wconf 59' lang='lat' dir='ltr'><strong><em>(litate,</em></strong></span> <span class='ocrx_word' id='word_1_307' title='bbox 1199 4121 1243 4177; x_wconf 84' lang='lat' dir='ltr'><strong><em>die</em></strong></span> <span class='ocrx_word' id='word_1_308' title='bbox 1261 4141 1295 4176; x_wconf 87' lang='lat' dir='ltr'><strong><em>w.</em></strong></span> <span class='ocrx_word' id='word_1_309' title='bbox 1314 4140 1336 4178; x_wconf 87' lang='lat' dir='ltr'><strong><em>e.</em></strong></span> <span class='ocrx_word' id='word_1_310' title='bbox 1355 4125 1410 4181; x_wconf 80' lang='lat' dir='ltr'><strong>seh.</strong></span> <span class='ocrx_word' id='word_1_311' title='bbox 1428 4127 1556 4182; x_wconf 69' lang='lat' dir='ltr'><strong>wbrblich</strong></span> 
     </span>
     <span class='ocr_line' id='line_1_32' title="bbox 249 4207 794 4276; baseline 0.006 -14"><span class='ocrx_word' id='word_1_312' title='bbox 249 4207 306 4262; x_wconf 79' lang='lat' dir='ltr'><strong>sein</strong></span> <span class='ocrx_word' id='word_1_313' title='bbox 323 4208 420 4276; x_wconf 83' lang='grc' dir='ltr'><strong><em>εο11εο,</em></strong></span> <span class='ocrx_word' id='word_1_314' title='bbox 438 4210 525 4264; x_wconf 77' lang='lat' dir='ltr'>findet</span> <span class='ocrx_word' id='word_1_315' title='bbox 541 4210 600 4264; x_wconf 70' lang='lat' dir='ltr'>sich</span> <span class='ocrx_word' id='word_1_316' title='bbox 617 4215 694 4266; x_wconf 68' lang='grc' dir='ltr'><strong><em>τουτί</em></strong></span> <span class='ocrx_word' id='word_1_317' title='bbox 710 4208 794 4265; x_wconf 63' lang='lat' dir='ltr'><strong>nieht</strong></span> 
     </span>
    </p>
   </div>
   <div class='ocr_carea' id='block_1_11' title="bbox 250 4391 1555 4785">
    <p class='ocr_par' dir='ltr' id='par_1_11' title="bbox 250 4391 1555 4721">
     <span class='ocr_line' id='line_1_33' title="bbox 335 4391 1554 4464; baseline 0 -16"><span class='ocrx_word' id='word_1_318' title='bbox 335 4394 352 4448; x_wconf 86' lang='grc'><strong><em>2</em></strong></span> <span class='ocrx_word' id='word_1_319' title='bbox 371 4391 538 4449; x_wconf 68' lang='lat' dir='ltr'>Wbrtliohes</span> <span class='ocrx_word' id='word_1_320' title='bbox 557 4393 651 4448; x_wconf 70' lang='lat' dir='ltr'><strong>citat?</strong></span> <span class='ocrx_word' id='word_1_321' title='bbox 680 4392 725 4451; x_wconf 85' lang='grc' dir='ltr'><strong><em>διὰ</em></strong></span> <span class='ocrx_word' id='word_1_322' title='bbox 747 4402 831 4450; x_wconf 84' lang='grc' dir='ltr'><strong><em>τοῦτο</em></strong></span> <span class='ocrx_word' id='word_1_323' title='bbox 851 4397 920 4449; x_wconf 61' lang='lat' dir='ltr'><strong>skatt</strong></span> <span class='ocrx_word' id='word_1_324' title='bbox 940 4393 1012 4450; x_wconf 87' lang='grc' dir='ltr'><strong><em>διότι</em></strong></span> <span class='ocrx_word' id='word_1_325' title='bbox 1032 4393 1126 4448; x_wconf 79' lang='lat' dir='ltr'><strong>haben</strong></span> <span class='ocrx_word' id='word_1_326' title='bbox 1142 4392 1172 4446; x_wconf 90' lang='lat' dir='ltr'><strong><em>in</em></strong></span> <span class='ocrx_word' id='word_1_327' title='bbox 1190 4391 1263 4446; x_wconf 81' lang='lat' dir='ltr'><strong><em>Lxx</em></strong></span> <span class='ocrx_word' id='word_1_328' title='bbox 1280 4391 1359 4448; x_wconf 75' lang='lat' dir='ltr'><strong>codd.</strong></span> <span class='ocrx_word' id='word_1_329' title='bbox 1371 4395 1396 4446; x_wconf 82' lang='lat' dir='ltr'>A</span> <span class='ocrx_word' id='word_1_330' title='bbox 1407 4394 1441 4448; x_wconf 86' lang='grc'><strong><em>22</em></strong></span> <span class='ocrx_word' id='word_1_331' title='bbox 1459 4394 1554 4464; x_wconf 76' lang='lat' dir='ltr'>Chrys.</span> 
     </span>
     <span class='ocr_line' id='line_1_34' title="bbox 250 4471 1554 4551; baseline 0.002 -19"><span class='ocrx_word' id='word_1_332' title='bbox 250 4476 342 4544; x_wconf 66' lang='grc' dir='ltr'><strong><em>Βαάλ,</em></strong></span> <span class='ocrx_word' id='word_1_333' title='bbox 360 4477 477 4542; x_wconf 78' lang='lat' dir='ltr'><strong>Formen</strong></span> <span class='ocrx_word' id='word_1_334' title='bbox 488 4495 543 4532; x_wconf 86' lang='lat' dir='ltr'><strong><em>von</em></strong></span> <span class='ocrx_word' id='word_1_335' title='bbox 556 4473 670 4534; x_wconf 81' lang='grc' dir='ltr'><strong><em>ἀκούειν</em></strong></span> <span class='ocrx_word' id='word_1_336' title='bbox 684 4479 785 4548; x_wconf 68' lang='lat' dir='ltr'><strong>Chrys„</strong></span> <span class='ocrx_word' id='word_1_337' title='bbox 797 4479 880 4534; x_wconf 78' lang='lat' dir='ltr'><strong>Basil.</strong></span> <span class='ocrx_word' id='word_1_338' title='bbox 896 4480 900 4546; x_wconf 93' lang='grc'><strong><em>1</em></strong></span> <span class='ocrx_word' id='word_1_339' title='bbox 915 4480 932 4534; x_wconf 83' lang='lat'><strong>5</strong></span> <span class='ocrx_word' id='word_1_340' title='bbox 944 4475 1049 4551; x_wconf 77' lang='grc' dir='ltr'><strong><em>ἐάνπερ</em></strong></span> <span class='ocrx_word' id='word_1_341' title='bbox 1065 4474 1144 4548; x_wconf 81' lang='grc' dir='ltr'><strong><em>τύχη]</em></strong></span> <span class='ocrx_word' id='word_1_342' title='bbox 1156 4472 1207 4531; x_wconf 79' lang='grc' dir='ltr'><strong><em>ἐὰν</em></strong></span> <span class='ocrx_word' id='word_1_343' title='bbox 1218 4471 1343 4548; x_wconf 81' lang='grc' dir='ltr'><strong><em>πορέύση</em></strong></span> <span class='ocrx_word' id='word_1_344' title='bbox 1355 4477 1373 4531; x_wconf 82' lang='grc' dir='ltr'><strong><em>θ</em></strong></span> <span class='ocrx_word' id='word_1_345' title='bbox 1387 4476 1444 4547; x_wconf 80' lang='lat' dir='ltr'>[sio]</span> <span class='ocrx_word' id='word_1_346' title='bbox 1460 4479 1464 4546; x_wconf 75' lang='grc'><strong><em>1</em></strong></span> <span class='ocrx_word' id='word_1_347' title='bbox 1477 4478 1496 4534; x_wconf 85' lang='grc'><strong>8</strong></span> <span class='ocrx_word' id='word_1_348' title='bbox 1508 4476 1554 4534; x_wconf 79' lang='grc' dir='ltr'><strong><em>αὐ-</em></strong></span> 
     </span>
     <span class='ocr_line' id='line_1_35' title="bbox 250 4554 1555 4634; baseline 0.004 -19"><span class='ocrx_word' id='word_1_349' title='bbox 250 4560 316 4631; x_wconf 85' lang='grc' dir='ltr'><strong><em>τῶν]</em></strong></span> <span class='ocrx_word' id='word_1_350' title='bbox 329 4557 443 4616; x_wconf 78' lang='grc' dir='ltr'><strong><em>αὒτοῦθ</em></strong></span> <span class='ocrx_word' id='word_1_351' title='bbox 458 4561 462 4629; x_wconf 78' lang='grc' dir='ltr'>Ι</span> <span class='ocrx_word' id='word_1_352' title='bbox 478 4563 516 4616; x_wconf 88' lang='grc'><strong><em>12</em></strong></span> <span class='ocrx_word' id='word_1_353' title='bbox 529 4554 622 4633; x_wconf 79' lang='grc' dir='ltr'><strong><em>Ἀμήν]</em></strong></span> <span class='ocrx_word' id='word_1_354' title='bbox 635 4570 667 4627; x_wconf 86' lang='grc' dir='ltr'><strong><em>-Ι-</em></strong></span> <span class='ocrx_word' id='word_1_355' title='bbox 680 4561 776 4634; x_wconf 83' lang='grc' dir='ltr'><strong><em>δμιλία</em></strong></span> <span class='ocrx_word' id='word_1_356' title='bbox 789 4560 838 4630; x_wconf 78' lang='grc' dir='ltr'><strong><em>ς’θ</em></strong></span> <span class='ocrx_word' id='word_1_357' title='bbox 853 4566 858 4632; x_wconf 88' lang='grc' dir='ltr'>Ι</span> <span class='ocrx_word' id='word_1_358' title='bbox 874 4563 975 4619; x_wconf 79' lang='grc'><strong><em>18-8.</em></strong></span> <span class='ocrx_word' id='word_1_359' title='bbox 987 4565 1029 4626; x_wconf 80' lang='grc'><strong><em>52,</em></strong></span> <span class='ocrx_word' id='word_1_360' title='bbox 1041 4563 1075 4617; x_wconf 87' lang='grc'><strong><em>20</em></strong></span> <span class='ocrx_word' id='word_1_361' title='bbox 1086 4560 1186 4615; x_wconf 81' lang='grc' dir='ltr'><strong><em>Ηὶεττο</em></strong></span> <span class='ocrx_word' id='word_1_362' title='bbox 1198 4559 1305 4630; x_wconf 69' lang='lat' dir='ltr'><strong>Fragm.</strong></span> <span class='ocrx_word' id='word_1_363' title='bbox 1318 4563 1350 4616; x_wconf 89' lang='grc'><strong><em>21</em></strong></span> <span class='ocrx_word' id='word_1_364' title='bbox 1362 4562 1393 4616; x_wconf 90' lang='lat' dir='ltr'><strong><em>in</em></strong></span> <span class='ocrx_word' id='word_1_365' title='bbox 1406 4562 1438 4616; x_wconf 84' lang='lat'><strong><em>0:</em></strong></span> <span class='ocrx_word' id='word_1_366' title='bbox 1452 4562 1555 4620; x_wconf 84' lang='grc' dir='ltr'><strong><em>Φιλάν-</em></strong></span> 
     </span>
     <span class='ocr_line' id='line_1_36' title="bbox 251 4639 1555 4721; baseline 0.004 -22"><span class='ocrx_word' id='word_1_367' title='bbox 251 4639 516 4718; x_wconf 83' lang='grc' dir='ltr'><strong><em>θρωπος-ἕρημος</em></strong></span> <span class='ocrx_word' id='word_1_368' title='bbox 531 4647 535 4714; x_wconf 77' lang='grc'><strong><em>1</em></strong></span> <span class='ocrx_word' id='word_1_369' title='bbox 550 4646 585 4700; x_wconf 83' lang='grc'><strong><em>211</em></strong></span> <span class='ocrx_word' id='word_1_370' title='bbox 594 4647 709 4721; x_wconf 85' lang='grc' dir='ltr'><strong><em>κρίνων]</em></strong></span> <span class='ocrx_word' id='word_1_371' title='bbox 727 4647 857 4717; x_wconf 82' lang='grc' dir='ltr'><strong><em>κολάζων</em></strong></span> <span class='ocrx_word' id='word_1_372' title='bbox 875 4649 893 4703; x_wconf 85' lang='lat' dir='ltr'>S</span> <span class='ocrx_word' id='word_1_373' title='bbox 908 4649 912 4716; x_wconf 84' lang='grc' dir='ltr'>Ι</span> <span class='ocrx_word' id='word_1_374' title='bbox 928 4648 965 4704; x_wconf 80' lang='grc'><strong><em>21</em></strong></span> <span class='ocrx_word' id='word_1_375' title='bbox 985 4644 1087 4703; x_wconf 71' lang='grc' dir='ltr'><strong><em>τούτου</em></strong></span> <span class='ocrx_word' id='word_1_376' title='bbox 1104 4645 1149 4699; x_wconf 90' lang='lat' dir='ltr'><strong><em>Hu</em></strong></span> <span class='ocrx_word' id='word_1_377' title='bbox 1165 4651 1250 4700; x_wconf 83' lang='grc' dir='ltr'><strong><em>τοῦτο</em></strong></span> <span class='ocrx_word' id='word_1_378' title='bbox 1263 4646 1281 4699; x_wconf 80' lang='lat' dir='ltr'>S</span> <span class='ocrx_word' id='word_1_379' title='bbox 1296 4645 1300 4714; x_wconf 88' lang='lat' dir='ltr'>l</span> <span class='ocrx_word' id='word_1_380' title='bbox 1317 4645 1356 4702; x_wconf 71' lang='lat'><strong><em>25</em></strong></span> <span class='ocrx_word' id='word_1_381' title='bbox 1375 4641 1462 4717; x_wconf 76' lang='grc' dir='ltr'><strong><em>ἔσται]</em></strong></span> <span class='ocrx_word' id='word_1_382' title='bbox 1480 4657 1514 4708; x_wconf 98' lang='grc'>&lt;</span> <span class='ocrx_word' id='word_1_383' title='bbox 1526 4649 1555 4704; x_wconf 82' lang='grc'><strong><em>0.</em></strong></span> 
     </span>
    </p>

    <p class='ocr_par' dir='ltr' id='par_1_12' title="bbox 1306 4731 1343 4785">
     <span class='ocr_line' id='line_1_37' title="bbox 1306 4731 1343 4785; baseline 0 -24"><span class='ocrx_word' id='word_1_384' title='bbox 1306 4731 1343 4785; x_wconf 59' lang='grc'><strong><em>4*</em></strong></span> 
     </span>
    </p>
   </div>
   <div class='ocr_carea' id='block_1_12' title="bbox 0 0 1899 5540">
    <p class='ocr_par' dir='ltr' id='par_1_13' title="bbox 0 0 1899 5540">
     <span class='ocr_line' id='line_1_38' title="bbox 0 0 1899 5540; baseline 0 0"><span class='ocrx_word' id='word_1_385' title='bbox 0 0 1899 5540; x_wconf 95' lang='lat' dir='ltr'><strong><em> </em></strong></span> 
     </span>
    </p>
   </div>
  </div>
 </body>
</html>
