3658 5566
340 463 399 526 302
581 453 720 524 Origenes’
738 451 897 522 Erkllrung
913 451 961 506 der
978 449 1099 506 Samuel·
1117 451 1175 505 und
1192 447 1406 520 Kbnigsbiioher.

339 646 402 688 του
387 623 589 735 Σολομῶν
614 612 756 698 πάντως
779 621 893 698 ἐποίει,
917 607 994 686 5²⁰
974 642 1060 686 οταν
1082 609 1312 703 ἀναιρεθῶσιν
1332 606 1388 682 ἀπ’
1406 606 1512 682 αῦτου
1496 616 1648 698 (τουτ-

339 722 409 786 ἐστι
435 722 499 787 τοῦ
522 721 764 805 Σολομῶντος)
796 719 827 786 οἱ
850 719 1104 838 προειρημένοι,
1127 711 1327 802 συγγνώμην
1348 719 1409 800 σχῇ
1431 703 1451 781 5
1474 717 1650 799 Σολομῶν

340 811 388 898 αίς
409 813 578 904 πατρικὸν
598 811 752 904 βούλημα
777 813 961 902 πληρώσας
982 821 1037 883 καὶ
1060 809 1122 885 οῦκ
1143 809 1246 895 αῦτὸς
1268 805 1326 898 ἀφ’
1350 812 1473 880 ἑαυτοῦ
1494 804 1567 879 κατ’
1590 805 1648 880 αῦ-

341 919 413 985 τῶν
435 921 594 1004 κινηθείς.

759 1091 815 1159 Nr.
838 1093 906 1159 XX.
949 1093 1060 1159 ΙΚὸυ.
1078 1099 1124 1168 19,
1141 1101 1230 1160 5-7.

424 1265 499 1330 Και
527 1261 773 1345 ἐπιστρέψας
800 1264 903 1346 φησίν
930 1252 1135 1345 ἐκοιμήθη.
1177 1260 1242 1325 καὶ
1269 1245 1558 1373 ἐπέστρεφεν
1539 1281 1558 1322 ο
1581 1249 1649 1340 ἀγ·

340 1368 454 1448 γελος
484 1363 623 1478 κυρίου
652 1359 693 1427 ἐκ
724 1360 913 1447 δευτέρου
938 1362 1003 1426 καὶ
1030 1349 1163 1474 ἥψατο
1187 1349 1318 1425 αῦτοῦ
1361 1347 1448 1440 τάχα
1469 1347 1650 1472 δυνάμεων

340 1456 501 1548 σύμβολοι
524 1447 608 1545 ἦσαν
630 1459 908 1544 διακονουμένων
929 1451 1091 1544 προφήτῃ
1113 1459 1310 1542 πρέπουσαν
1329 1449 1472 1541 τροφήν,
1498 1456 1546 1540 τῷ
1567 1445 1651 1522 ἀνα-

338 1563 510 1648 χωροῦντι
536 1552 605 1627 ἀπὸ
634 1561 706 1626 τῶν
733 1551 970 1644 ἀνθρωπίνων
999 1561 1056 1624 καὶ
1083 1547 1167 1643 ἀξίῳ
1195 1557 1256 1642 τῆς
1282 1548 1350 1624 ἀπὸ
1377 1547 1652 1622 τῶντοιούτων

289 1669 323 1724 10
340 1662 561 1738 διδασκαλίας,
584 1657 640 1726 ἵνα
661 1653 744 1744 μετὰ
768 1659 875 1725 ταῦτα
897 1648 1037 1776 ἀκοῦσαι
1054 1659 1197 1743 δυνηθῇ·
1225 1648 1425 1774 ἀνάστηθι
1446 1655 1510 1720 καὶ
1533 1647 1649 1738 φάγε,

339 1764 395 1828 καὶ
435 1749 515 1844 εῦρη
558 1753 658 1876 πρὸς
700 1759 884 1875 κεφαλῆς
920 1748 1099 1921 ἀπὶόρρητα
1136 1749 1314 1842 μυστήρια,
1360 1743 1412 1823 ὦν
1456 1745 1651 1839 δλυρίτης

340 1861 558 1946 ἐγκρυφίας
594 1853 701 1936 τύπος
737 1846 795 1943 ἦν.
846 1844 885 1924 οῦ
920 1859 976 1924 καὶ
1007 1850 1166 1941 δεύτερον
1201 1851 1288 1922 κατὰ
1319 1849 1383 1940 τὴν
1413 1855 1476 1921 τοῦ
1507 1846 1652 1939 ἀγγέλου

341 1951 527 2042 πρόσταξιν
562 1950 814 2076 μεταλαμβάνει
844 1949 1019 2034 εἰπόντος·
1058 1948 1223 2036 ἀνάστα
1264 1947 1381 2039 φάγε·
1418 1943 1481 2020 ὅτι
1517 1948 1651 2038 πολλὴ

342 2052 418 2127 ἀπὸ
450 2059 520 2125 σοῦ
551 2083 571 2142 η
603 2047 704 2135 ὁδός.
746 2052 896 2140 »ἄρτους
922 2057 982 2141 μέν
1009 2043 1071 2123 οὖν
1095 2051 1150 2123 »τὸ
1171 2079 1262 2142 πρωι
1249 2051 1408 2137 ἔφερον
1430 2055 1482 2139 τῷ
1503 2045 1594 2141 Ἠλίᾳ
1617 2051 1651 2119 οί

290 2167 323 2220 15
341 2151 495 2242 κόρακες
519 2147 595 2240 (ἀνὰ
618 2148 722 2242 λόγον
744 2171 817 2235 τοις
842 2147 1128 2274 λελαλημένοις
1106 2149 1175 2222 υπὸ
1196 2156 1313 2238 κυρίου
1334 2147 1421 2238 πρὸς
1444 2121 1652 2238 ἀίωσῆιην
1611 2151 1652 2218 ἐν

341 2255 392 2337 οίς
419 2245 473 2342 ἦν
500 2251 559 2324 »τὸ
586 2280 678 2339 πρωι
665 2249 978 2342 πλησθήσεσδε
958 2279 1076 2338 αρτων
1102 2256 1158 2320 καὶ
1180 2248 1352 2339 γνώσεσθε
1375 2241 1430 2320 ὅτι
1451 2244 1574 2337 ἐγώ’
1533 2276 1652 2336 κυριος

342 2349 465 2435 ὁδεὸς
486 2349 629 2441 δμῶνι),
652 2357 818 2441 >κρέα<δέ
839 2349 892 2422 »τὸ
916 2354 1040 2440 δείλης<
1061 2353 1332 2439 (παραπλησίως’
1365 2346 1424 2419 »τὸ
1445 2347 1532 2435 πρὸς
1553 2347 1651 2418 ἑσπέ-

341 2481 404 2540 ραν
425 2455 540 2524 ἐδεσδε
562 2455 684 2539 κρέαι).

775 2629 831 2694 Nr.
855 2627 938 2695 XXI.
980 2627 1150 2708 11115115,
1168 2635 1214 2696 16.

290 2813 324 2870 20
428 2799 580 2882 Χριστοῦ
600 2788 705 2882 Ἰησοῦ
727 2789 864 2880 δύναμις
886 2788 1010 2878 ἀνδρας
1031 2789 1141 2872 υίοῦς
1162 2795 1314 2862 ποιοῦσα.
1356 2795 1413 2861 καί
1435 2795 1465 2861 εί
1483 2796 1535 2872 τίς
1556 2793 1653 2860 ἐστιν

342 2892 441 2983 ἀνὴρ
463 2889 680 2983 δυνάμεως,
703 2894 795 2962 ἐστὶν
816 2888 889 2973 υίὸς
910 2895 1060 2976 Χριστοῦ
1081 2885 1217 2979 δηλαδή.
1259 2895 1344 2960 ποτε
1367 2895 1403 2962 δέ
1423 2889 1517 2972 υίοάς
1537 2907 1653 2960 ποιεῖν
1673 2901 1766 2966 11481

428 3061 478 3118 14.
497 3062 530 3118 17
551 3060 614 3130 Vgl.
634 3061 644 3112 1
664 3060 733 3114 Κὸα.
753 3063 792 3126 17,
811 3061 834 3114 6.
853 3089 886 3099 -
905 3059 1004 3115 11117
1025 3057 1111 3113 Exod.
1130 3059 1230 3123 1δ,12.

428 3215 444 3270 1
464 3209 600 3281 σαλομὼν
619 3212 687 3280 υ12
706 3215 841 3279 σαλομῶν
858 3229 895 3266 ov
910 3211 915 3280 Ι
932 3210 970 3266 12
982 3209 1041 3279 τὴν]
1055 3219 1115 3268 <υ
1136 3213 1139 3276 Ι
1160 3210 1179 3264 4
1197 3209 1308 3266 hierauf
1320 3210 1393 3282 solgt
1410 3210 1439 3265 in
1457 3211 1653 3267 08612118v

342 3321 359 3354 v
378 3301 449 3355 157ν
467 3299 515 3352 δατ
533 3297 683 3367 Fragment
699 3295 744 3349 Nr.
757 3295 833 3349 XXX
852 3311 900 3348 aus
918 3294 971 3348 den
989 3293 1248 3350 Jeremiahomilien.
1271 3295 1334 3366 Vgl.
1353 3295 1432 3350 oben
1450 3298 1509 3358 214,
1524 3297 1615 3351 ἰ’-21.

606 3407 803 3485 Ὡριγίνους
820 3408 857 3468 ἐκ
873 3417 940 3468 τῶν
959 3414 1017 3480 (τῆς
1035 3413 1060 3482 ο)
1078 3411 1127 3478 εἰς
1143 3411 1203 3468 τὸν
1217 3405 1395 3486 Ἱερεμίαν.

430 3509 514 3580 Οἶκος
541 3513 570 3570 δὲ
596 3515 612 3583 ἡ
640 3511 772 3583 ἐκκλησία
799 3521 851 3570 τοῦ
872 3517 956 3580 θεοῦ,
979 3511 1010 3570 ἐν
1032 3502 1050 3584 ᾖ
1072 3517 1110 3584 μη
1133 3517 1178 3570 δεῖ
1197 3511 1374 3583 ἀκουσθῆναι
1393 3513 1510 3588 σφῦραν.
1546 3507 1656 3570 ἔστιδὲ

343 3598 437 3672 σφῦρα
460 3596 551 3667 πάσης
568 3605 618 3666 τῆς
635 3605 686 3669 γῆς
704 3596 720 3654 δ
738 3596 882 3670 διάβολος,
903 3599 953 3654 καί
971 3593 1046 3654 ἔστιν
1065 3597 1080 3653 δ
1098 3601 1137 3668 μη
1156 3601 1314 3670 φροντίζων
1332 3597 1418 3667 αὐτῆς
1435 3595 1526 3656 οίονεί
1542 3618 1583 3664 τις
1601 3592 1655 3668 ῦλη

341 3681 502 3752 τυπτομένη
529 3678 596 3754 παρ’
615 3679 700 3750 αὐτῆς
726 3685 774 3738 καλ
796 3685 834 3752 μὴ
857 3681 1013 3752 πάσχουσα.
1052 3682 1141 3738 νίδοὺι
1165 3682 1221 3755 γάρ
1245 3701 1331 3753 φησιν
1354 3681 1440 3756 ιάνηρ
1464 3677 1590 3752 ἑστηκὼς
1607 3679 1657 3738 ἐπὶ

342 3776 395 3827 τοῦ
410 3769 521 3838 τείχους
538 3763 738 3836 ἀδαμαντίνου,
761 3769 810 3822 καί
828 3763 857 3822 ἐν
875 3772 910 3835 τῇ
926 3769 1000 3838 χειρί
1018 3765 1105 3822 αὐτοῦ
1123 3765 1248 3836 ἀδάμαςε
1269 3769 1363 3836 (Amos
1381 3769 1405 3831 7,
1423 3769 1457 3836 7).
1492 3763 1570 3833 ὅστις
1586 3764 1655 3824 555-

341 3874 398 3924 μας
424 3848 470 3908 ὑπ’
489 3850 621 3920 οὐδεμιᾶς
647 3854 823 3924 συντρίβεται
848 3853 1070 3924 (συντριβήσεται
1088 3855 1111 3918 ε)
1138 3851 1254 3924 σφύρας.
1293 3847 1348 3908 κάν
1374 3849 1513 3922 ἐφεστήκῃ
1539 3858 1610 3923 γοῦν
1636 3849 1656 3907 δ

341 3937 474 4010 διάβολος
501 3935 602 4008 σφῦρα,
629 3937 679 3990 καί
704 3931 891 4005 ὑποκείμενος
916 3929 933 4007 ᾖ
957 3933 1070 4008 δράκων
1092 3929 1190 4008 ὥσπερ
1212 3931 1313 4006 ἄκμων
1331 3932 1471 4006 ἀνήλατος
1488 3936 1563 4006 (vgl.
1580 3934 1656 3990 ffiob

341 4027 382 4090 41,
402 4025 457 4090 15),
480 4019 560 4078 οὐδὲν
584 4015 600 4076 δ
624 4017 654 4076 ἐν
675 4027 710 4089 τῇ
731 4023 805 4092 χειρὶ
827 4021 926 4092 κυρίου
943 4021 992 4075 καί
1010 4016 1064 4074 ὑπὸ
1082 4022 1133 4088 τὴν
1151 4017 1307 4090 ἐπισκοπὴν
1326 4017 1414 4077 αὐτοῦ
1433 4017 1545 4090 ἀδάμας
1562 4027 1656 4076 πεσεῖ-

341 4127 395 4163 ται.
430 4113 524 4175 τεῖχος
546 4102 601 4178 γὰρ
625 4101 641 4158 δ
664 4098 746 4175 ἅγιος
769 4102 961 4174 ἀδαμάντινον
988 4107 1038 4160 καί
1063 4101 1094 4160 ἐν
1121 4107 1195 4178 χειρί
1221 4105 1320 4176 κυρίου
1340 4104 1429 4175 μένον
1452 4103 1576 4171 ἀπαθές,
1599 4099 1656 4160 κάν

341 4189 429 4259 μέσος
450 4193 546 4260 ληφθῇ
567 4195 617 4257 τῆς
638 4207 668 4245 τε
693 4188 801 4260 σφύρας
827 4191 875 4246 καί
898 4196 949 4244 τοῦ
967 4188 1129 4262 δράκοντος.
1165 4185 1224 4264 ὅσῳ
1243 4186 1307 4258 (ὅσα
1325 4191 1348 4260 ε)
1371 4190 1401 4246 δέ
1422 4187 1567 4256 τύπτεται,
1585 4193 1656 4258 λαμ-

341 4273 485 4346 προτέραν
512 4271 600 4329 αὐτοῦ
617 4275 668 4342 τὴν
686 4271 789 4346 ἀρετὴν
808 4271 1005 4330 ἐπιδείκνυσιν·
1026 4271 1042 4328 δ
1060 4272 1116 4346 γὰρ
1143 4273 1276 4346 διάβολος
1298 4268 1345 4331 οίά
1367 4293 1410 4340 τις
1431 4275 1520 4330 λίθων
1538 4271 1656 4344 ἀγνοῶν

342 4358 425 4431 φῦσιν
449 4355 494 4414 διὰ
517 4361 631 4414 πολλῶν
653 4357 799 4427 δοκιμάζει
821 4361 937 4429 πληγῶν
959 4357 1010 4413 τὸν
1029 4351 1091 4414 οἷον
1110 4355 1272 4426 ἀδάμαντα,
1294 4362 1366 4416 θεοῦ
1382 4359 1475 4427 μόνον
1491 4363 1587 4424 καλῶς
1603 4360 1656 4426 τὴν

340 4441 444 4498 τοῦτον
463 4439 545 4512 φύσιν
564 4440 679 4508 εἰδότος.

427 4526 466 4581 14
486 4524 529 4595 τὸ]
548 4531 589 4581 τῶ
608 4543 623 4581 ο
639 4533 679 4601 τῷ
697 4527 729 4583 τὸ
749 4527 905 4583 Κουίευίιυυ
925 4527 930 4592 ί
950 4527 987 4583 17
1007 4523 1094 4600 κρέας
1111 4545 1123 4582 s
1141 4525 1237 4598 κρέας-ἶ
1256 4546 1272 4581 v
1293 4529 1296 4594 Ι
1317 4525 1361 4598 τὸ]
1378 4533 1418 4582 τῶ
1437 4531 1493 4596 ev!
1515 4526 1552 4582 18
1568 4525 1658 4598 κρέας

342 4611 429 4679 3120
447 4603 552 4682 ἀνδρας
572 4611 728 4667 Κουίισίινια
745 4612 853 4685 ημέρας
871 4629 936 4667 σιτ.
