3768 5544
332 455 389 518 122
773 448 910 518 Origenee'
929 446 1188 504 Jeremiehomilien.

329 617 413 683 θεοῦ
434 610 476 684 τό
498 609 667 684 Ἰουδαίων
688 618 866 702 συνέδριον
885 618 941 683 καὶ
964 611 1049 684 ἄλλο
1069 616 1246 697 συνέδριον
1261 617 1316 682 καὶ
1331 615 1509 702 ἐκκλησίαν
1525 611 1634 700 ἑαυτῷ

327 720 492 801 πεποίηκε
514 710 579 800 τὴν
602 709 670 784 ἀπὸ
692 719 767 784 τῶν
788 717 915 784 ἐθνῶν.

413 823 460 884 16.
485 810 601 883 »Κατὰ
623 808 729 901 μόνας
750 808 955 902 ἐκαθήμηνι.
997 818 1052 882 καὶ
1070 810 1113 882 τὰ
1129 809 1262 900 ῥήματα
1278 815 1430 883 ἐνταῦθα
1452 815 1635 898 οἰκοδομεῖ.

329 903 414 981 όταν
443 916 579 1000 πλῆθος
600 905 621 1001 ᾖ
644 907 860 1001 ἁμαρτωλῶν
889 917 944 997 καί
973 910 1018 1001 μὴ
1050 917 1179 999 φέρωσι
1208 909 1273 982 τόν
1304 916 1435 982 δίκαιον
1465 916 1607 995 βιοῦντα
1630 915 1634 998 Ι

292 1016 507 1100 ῦ<δι>καίως,
539 1008 638 1084 οὐδὲν
668 1010 802 1084 ἄτοπόν
830 1016 900 1083 ἐστι
937 1009 1109 1100 φεύγοντα
1144 1009 1186 1084 τό
1216 1015 1390 1099 συνέδριον
1422 1015 1483 1098 τῆς
1517 1017 1635 1093 κακίας

327 1109 533 1201 μιμήσασθαι
562 1110 625 1184 τόν
654 1108 808 1184 εἰπόντα·
848 1109 952 1182 »κατὰ
981 1107 1087 1200 μόνας
1116 1109 1321 1201 ἐκαθήμηνι,
1348 1108 1553 1200 μιμήσασθαι
1578 1117 1634 1181 καὶ

327 1210 391 1283 τόν
427 1217 572 1301 λέγοντα
606 1206 732 1282 Ἠλίαν·
771 1209 890 1298 »κύριε
932 1211 1015 1294 τοὺς
1050 1207 1232 1298 προφήτας
1267 1231 1328 1281 σου
1349 1206 1562 1295 ἇπέκτειναν,
1591 1209 1635 1281 τὰ

326 1308 549 1400 θυσιαστήριά
582 1334 643 1381 σου
675 1319 907 1399 κατέσκαψαν,
942 1306 1037 1399 κᾶγώ
1073 1306 1285 1399 ὑπελείφθην
1321 1309 1538 1400 μονώτατος,
1578 1315 1633 1381 καί

327 1417 464 1499 ζητοῦσι
499 1411 564 1501 τὴν
601 1409 712 1500 ψυχήν
748 1438 814 1500 μου
844 1419 957 1495 λαβεῖν
988 1407 1124 1500 αὐτήνι.
1176 1407 1261 1498 τάχα
1291 1414 1327 1480 δὲ
1356 1407 1421 1480 κᾶν
1442 1407 1634 1499 βαθύτερον

275 1523 309 1578 10
326 1507 482 1598 ἐξετόσης
518 1509 559 1581 τό
598 1510 703 1582 »κατὰ
737 1508 844 1600 μόνας
873 1508 1086 1600 ἐκαθήμηνι,
1121 1505 1269 1598 εόρήσεις
1304 1509 1383 1582 τινὰ
1419 1509 1515 1597 ἄξιον
1551 1517 1634 1583 νοῦν

326 1606 454 1693 βάθους
479 1616 706 1699 προφητικοῦ.
757 1604 843 1681 όταν
871 1607 934 1681 τόν
962 1618 1036 1682 τῶν
1062 1616 1205 1684 πολλῶν
1231 1615 1306 1694 βίον
1332 1610 1521 1701 μιμώμεθα,
1545 1607 1634 1682 ὥστε

325 1707 369 1798 μὴ
397 1709 481 1779 είναι
503 1705 789 1798 ἀνακεχωρηκότα
823 1705 930 1782 αὐτόν
961 1717 1017 1780 καὶ
1046 1717 1227 1798 κρείττονα
1257 1717 1313 1781 καί
1343 1715 1515 1798 ἐξαίρετον
1541 1709 1633 1798 παρὰ

326 1807 407 1890 τούς
435 1806 596 1894 πολλούς,
628 1805 669 1880 οὗ
699 1807 843 1897 δύναμαι
874 1815 995 1898 λέγειν·
1030 1807 1136 1882 »κατὰ
1170 1806 1276 1900 μόνας
1306 1807 1510 1899 ἐκαθήμηνι,
1533 1805 1632 1882 ἄλλό·

324 1905 408 1995 μετὰ
449 1916 592 1980 πολλῶν
632 1906 814 1999 ἐκαθήμην.
870 1908 957 1983 ἐπὰν
992 1915 1028 1982 δὲ
1068 1905 1087 1981 ὁ
1126 1917 1198 1995 βίος
1235 1937 1301 1999 μου
1341 1913 1478 1999 γένηται
1523 1914 1633 1999 δυσμί-

274 2019 307 2072 15
324 2033 440 2096 μητος,
464 2005 553 2079 ὥστε
573 2036 613 2096 με
635 2015 841 2098 τηλικοῦτον
867 2014 1032 2098 γενέσθαι,
1060 2006 1109 2092 ιός
1134 2016 1261 2098 μηδένα
1284 2006 1522 2098 παραπλήσιον
1549 2011 1633 2080 είναί

324 2136 390 2196 μου
411 2115 463 2198 τῷ
485 2103 573 2196 ἤθει,
596 2115 648 2198 τῷ
671 2104 773 2196 λόγῳ,
796 2129 870 2192 ταῖς
891 2107 1038 2196 πράξεσι,
1062 2115 1105 2197 τῇ
1126 2115 1239 2200 σοφίᾳ,
1262 2105 1343 2180 τότε
1365 2106 1508 2198 δύναμαι
1526 2113 1633 2197 λέγειν

324 2204 416 2295 παρὰ
446 2206 487 2278 τό
517 2203 623 2294 μόνος
652 2209 736 2279 εἶναι
761 2205 894 2281 τοιόσδε
920 2216 976 2280 καὶ
1001 2214 1128 2299 μηθένα
1156 2205 1362 2298 μιμήσασθαί
1386 2235 1427 2296 με
1456 2206 1497 2278 τό
1527 2207 1631 2280 »κατὰ

238 2315 305 2372 219v
322 2302 437 2395 μόνας
458 2304 662 2397 ἐκαθήμηνι,
706 2311 833 2394 ἔξεστιν
860 2301 1001 2379 οὖνκαὶ
1022 2306 1066 2397 μὴ
1089 2301 1174 2380 ὄντα
1195 2331 1230 2380 σε
1252 2305 1482 2398 πρεσβύτερον
1509 2315 1566 2378 καί
1585 2305 1630 2396 μὴ

323 2399 411 2479 ὄντα
432 2429 469 2478 σε
490 2411 678 2480 ἐπίσκοπον
699 2413 784 2497 μηδέ
798 2411 809 2497 ΙΙ
825 2436 894 2479 τινι
914 2415 995 2498 τιμῇ
1017 2413 1272 2498 ἐκκλησιαστικῇ
1288 2412 1510 2497 τετιμημένον
1525 2411 1630 2478 εἰπεῖν
1647 2418 1698 2474 220

272 2520 306 2576 20
322 2511 438 2591 τοῦτο,
461 2503 502 2577 τό
524 2505 629 2580 »κατὰ
650 2503 755 2596 μόνας
776 2505 968 2597 ἐκαθήμηνι
994 2514 1142 2597 ζηλῶσαι
1162 2515 1219 2580 καί
1240 2515 1315 2593 βίον
1336 2502 1515 2592 ἀναλαβεῖν
1539 2503 1628 2578 ὥστε

322 2611 441 2678 slasw-
466 2605 571 2679 »κατὰ
593 2602 700 2696 μόνας
721 2605 926 2698 ἐκαθήμηνι.

408 2699 491 2778 »Ὅτι
514 2714 647 2795 πικρίας
662 2704 904 2797 ἐνεπλήσθηνι.
948 2710 974 2778 εί
999 2706 1117 2797 ιστενὴ
1143 2713 1199 2778 καὶ
1221 2712 1428 2795 τεθλιμμένη
1451 2700 1471 2793 ἦ
1501 2698 1581 2787 ὁδός
1609 2701 1629 2794 ἡ

321 2801 497 2894 ἀπάγουσα
528 2809 574 2889 εἰς
596 2806 660 2894 τὴν
690 2805 812 2896 ζωήνι,
843 2815 895 2880 δεῖ
922 2830 959 2879 σε
987 2816 1122 2895 πικρίας
1151 2810 1388 2897 ἐμπλησθῆναι
1417 2809 1455 2875 ἐν
1485 2809 1536 2893 τῷ
1567 2811 1629 2892 βίῳ

323 2903 447 2994 τούτῳ,
485 2901 624 2990 οόὸενός
658 2905 799 2979 δύνασαι
832 2914 972 2995 γλυκέος
1004 2904 1199 2979 ἀπολαῦσαι.
1250 2901 1273 2994 ἢ
1303 2901 1365 2978 οὐκ
1398 2907 1492 2988 σίδας
1523 2897 1578 2976 ότι
1609 2900 1629 2992 ἡ

271 3015 304 3070 25
322 3003 423 3093 ἑορτή
446 3027 508 3078 σου
527 3005 613 3094 μετὰ
633 3013 801 3096 πικρίόων
822 3014 964 3096 γίνεται;
986 3002 1072 3078 όταν
1093 3005 1156 3094 γὰρ
1172 3003 1341 3094 ἓορτόζης,
1367 3004 1509 3091 εᾶζυμα(
1528 3010 1630 3094 φησὶν

324 3109 397 3176 »ἐπὶ
423 3109 591 3192 πικρίιλων
613 3104 785 3195 φᾶγεσαιι.
827 3115 862 3178 τί
887 3105 1045 3192 βούλεται
1075 3101 1094 3177 ό
1121 3102 1224 3193 λόγος
1259 3111 1370 3192 λέγων
1399 3097 1455 3175 ότι
1486 3107 1538 3174 δεῖ
1567 3100 1630 3174 τὸν

323 3202 530 3294 ἓορτόζσντα
553 3211 603 3295 τῷ
627 3213 700 3296 θεῷ
726 3205 851 3295 »ἄζυμα
872 3211 927 3276 ἐπὶ
948 3210 1134 3296 πικρίδωνι
1160 3210 1295 3288 ἐσθίειν,
1310 3209 1550 3293 κατανοητέον.
1586 3201 1629 3274 τὰ

320 3309 381 3391 μὲν
401 3303 507 3394 ἄζυμα
528 3302 711 3394 διηγήσατο
734 3301 753 3377 ό
777 3301 978 3390 ἀπόστολος,
1006 3301 1068 3377 οόκ
1095 3307 1188 3376 ἔστιν
1210 3302 1271 3393 ἐμὴ
1293 3299 1314 3392 ἦ
1340 3303 1506 3392 ἑρμηνεία·
1529 3299 1571 3373 τό
1594 3307 1629 3375 δὲ

409 3515 423 3570 7
444 3517 456 3569 Ι
469 3515 538 3570 Κῦσ.
551 3517 592 3580 19,
605 3519 638 3572 14
655 3535 682 3574 u,
699 3519 776 3572 Rem.
790 3520 830 3581 11,
843 3519 867 3573 3.
889 3547 923 3558 -
946 3517 985 3572 22
1005 3516 1104 3572 Metth.
1118 3519 1141 3584 7,
1155 3519 1195 3571 14.
1218 3545 1252 3556 -
1275 3515 1351 3572 251.
1371 3515 1457 3571 Eme
1472 3516 1512 3582 12,
1524 3515 1550 3570 8.

408 3705 423 3762 1
447 3708 497 3762 καί
513 3703 662 3776 ἐκκλησίαν
674 3727 701 3764 ιι
713 3708 731 3762 2
743 3709 803 3779 την]
823 3719 855 3769 <
871 3709 898 3763 Η
912 3711 917 3778 Ι
941 3708 1033 3765 8-18
1050 3706 1151 3763 Hierzu
1169 3708 1275 3777 ἣτε-μισ.
1288 3708 1322 3764 59
1339 3705 1369 3760 in
1385 3705 1418 3761 0:
1437 3706 1630 3774 Μιμείσθω-

321 3789 397 3865 αὐτῷ
409 3793 411 3858 ί
424 3791 443 3847 4
455 3789 506 3847 τὸν
517 3793 627 3848 δίκαιον
638 3797 755 3866 βιοῦντα
767 3793 880 3859 δικαίως
891 3793 964 3848 nach
973 3792 1006 3847 C:
1020 3790 1107 3848 αὐτοῦ
1119 3795 1295 3858 δικαιοῦντος
1306 3791 1358 3848 τὸν
1368 3792 1433 3864 βίον
1445 3809 1471 3846 n.
1482 3790 1520 3846 H:
1537 3805 1629 3844 seeum

312 3877 424 3944 γἰιείιιιιι
440 3878 488 3944 μία
508 3877 595 3932 vivere
620 3877 671 3933 τὸν
693 3879 804 3934 δίκαιον
826 3881 943 3950 βιοῦντα
962 3879 1012 3933 καί
1034 3872 1074 3944 ὼς
1091 3875 1160 3941 816
1177 3875 1237 3946 τὸν]
1257 3883 1289 3941 -ί-
1306 3876 1470 3945 ἢομίιείοιιι
1482 3875 1526 3944 ΗΙ
1545 3875 1559 3932 7
1580 3873 1630 3930 τὸν

320 3960 449 4033 λέγοντα]
472 3961 668 4016 miserabiliter
689 3967 891 4032 eonquereniem
913 3961 957 4031 ΗΙ
975 3962 1089 4020 11-18
1115 3954 1365 4029 ὥστε-πολλοὺς]
1391 3977 1441 4015 nee
1463 3959 1630 4014 οσαυιιεοίίο

320 4051 414 4100 nostra
435 4065 454 4102 α
467 4046 568 4116 populo
585 4047 682 4101 melior
698 4064 755 4112 nee,
773 4051 921 4116 contempto
939 4048 995 4117 (od.
1012 4047 1147 4115 οσιιίειιία)
1157 4047 1253 4114 judiee
1271 4045 1338 4113 Deo,
1361 4046 1395 4100 ab
1412 4045 1558 4100 hominum
1576 4045 1630 4112 (od.

320 4132 457 4202 σιιιιιιίιιιε)
478 4131 599 4186 ιιιαίίίίίε
620 4137 765 4202 separatur
778 4131 803 4185 H
818 4135 822 4199 Ι
838 4131 874 4186 16
892 4129 966 4202 ἤθει]
985 4126 1047 4188 ἔθει
1064 4131 1085 4186 0
1102 4147 1185 4186 εαιειι
1201 4131 1228 4186 H
1242 4134 1246 4201 1
1261 4130 1371 4204 λόγφῦ
1389 4129 1549 4186 εοιτιισπσΗ
1566 4129 1630 4201 βίοι

321 4215 339 4270 S
364 4218 369 4280 Ι
395 4222 430 4285 τῇ
448 4215 545 4292 σοφίη]
563 4217 612 4272 καί
630 4215 751 4292 σοφίηθ
768 4225 802 4276 <
820 4216 845 4270 Η
871 4218 876 4285 Ι
903 4217 939 4273 11
960 4214 1131 4290 παρὰ-με]
1143 4224 1178 4275 <
1189 4216 1216 4270 Η
1237 4217 1243 4286 Ι
1266 4215 1377 4271 τοιόσδε
1395 4213 1552 4270 Koeesohau
1569 4221 1630 4278 τοῖς

320 4290 375 4355 ὦδε
394 4301 411 4354 S
426 4303 431 4367 Ι
447 4301 483 4356 1⁰
499 4301 570 4370 μηδὲ
586 4301 649 4371 τινι]
668 4306 717 4356 aui
733 4301 875 4367 diaeonus,
893 4307 942 4355 σαί
959 4302 1019 4356 alia
1036 4301 1154 4370 qualibet
1165 4300 1191 4354 H
1211 4303 1215 4369 Ι
1232 4301 1318 4367 lolio
1335 4297 1527 4377 εἰπεῖν-καί]
1540 4297 1609 4358 <H
1623 4301 1626 4365 ί

321 4384 421 4440 22-8.
440 4386 497 4446 123,
517 4389 549 4442 17
567 4385 667 4441 Hierzu
685 4386 793 4457 Frngm.
805 4389 840 4443 60
856 4386 886 4442 in
905 4389 937 4444 0:
965 4381 1276 4457 Στενη-ἐνεπλὴσθην
1291 4385 1296 4453 Ι
1312 4385 1351 4442 25
1370 4385 1431 4456 σου]
1450 4385 1503 4442 Dei
1519 4383 1545 4438 Η
1562 4382 1629 4438 viel·

319 4467 405 4524 leioht
421 4471 524 4540 richh'g
540 4471 606 4542 (ng.
624 4471 650 4524 Z.
663 4473 706 4540 27)
738 4479 742 4539 Ι
768 4471 804 4526 2⁰
826 4473 963 4543 πατρίδιον
980 4471 1020 4528 SC
1038 4472 1227 4526 amaritudine
1250 4468 1276 4522 H
1301 4472 1305 4539 1
1333 4468 1467 4540 φάγεσαι]
1486 4475 1518 4533 -Ι-
1537 4467 1630 4522 Simul

320 4559 412 4608 autem
429 4554 527 4623 1112?
547 4561 586 4628 τῷ
604 4555 673 4628 θεῷ]
689 4557 794 4626 paseha
813 4557 866 4611 Dei
876 4557 903 4612 H
917 4557 922 4626 Ι
938 4557 1038 4614 28-8.
1052 4558 1137 4624 123,1
1156 4553 1188 4612 τὸ
1207 4553 1237 4612 δὲ
1249 4552 1423 4625 ἀκόλουθον]
1443 4553 1482 4608 De
1493 4553 1629 4608 ουιανιλτι-

319 4639 383 4692 ‹Iine
400 4657 461 4692 vero
478 4642 550 4708 quod
566 4641 691 4708 sequitur
708 4641 740 4695 H.
