3768 5544
348 437 388 500 96
792 429 930 499 On'genes’
948 428 1207 484 Jeremiahomilion.

345 588 536 679 συσκοτάση
564 598 621 662 καὶ
651 598 789 680 γένηται
819 589 949 676 σκότος
996 591 1082 665 πότε
1114 583 1176 665 οῦν
1205 588 1410 680 συσκοτάζει,
1441 600 1497 663 καὶ
1527 587 1655 666 πότεό

227 751 231 760 .
343 690 575 782 ουσκοτασμὸς
611 687 651 763 ού
682 696 825 779 γλνεται,·
877 689 1075 782 »ἐργάζεσθε
1104 688 1152 774 οός
1183 689 1224 762 τό
1255 699 1330 780 φῶς
1360 696 1397 765 ἐν
1426 687 1504 782 ύμῖν
1535 695 1655 762 ἑστινι.

345 788 422 879 (ντὸ
450 798 527 879 φῶς
553 796 606 863 ev«
637 798 689 862 σολ
714 797 875 880 doum),
903 791 962 864 ἐὰν
984 794 1058 880 ἴχης
1080 795 1116 862 έν
1137 797 1190 862 σοὶ
1210 790 1275 862 τὸν
1297 787 1453 864 εἰπόντα·
1482 791 1566 878 »ἐγώ
1589 797 1655 882 εἰμι

342 889 384 962 τό
412 898 487 978 φῶς
513 897 577 962 τοῦ
602 887 758 979 κόσμουι.
804 885 886 964 ὅσον
912 887 1018 966 τοῦτό
1041 915 1094 962 σοι
1116 885 1305 977 ἀνατέλλει,
1332 887 1449 979 δόξαζε
1470 890 1534 964 τόν
1556 889 1653 964 θεόν·

256 992 324 1048 2621
341 993 413 1061 ἴσθι
434 995 470 1062 δὲ
492 983 547 1062 ότι
569 989 709 1062 δύναται
724 997 736 1081 ΙΙ
753 999 910 1079 γενέσθαι
932 988 1127 1079 σκοταξσμός
1149 1020 1210 1076 τις,
1232 997 1288 1062 καλ
1307 988 1371 1081 χρή
1393 990 1438 1081 μή
1459 1011 1570 1081 μεῖναι
1588 990 1654 1064 τὸν
1674 1004 1724 1060 201

340 1087 532 1177 σκοτασμὸν
573 1097 714 1176 τοῦτον,
756 1088 841 1164 ἀλλὰ
883 1091 952 1182 πρὸ
988 1097 1051 1163 τοῦ
1086 1088 1247 1164 σκοτάσαι
1282 1089 1348 1180 τὴν
1382 1087 1486 1175 δόξαν
1522 1086 1652 1164 διδόναι

340 1195 392 1278 τῷ
415 1196 497 1278 θεῷ.

424 1301 472 1360 10.
507 1286 594 1378 Τάχα
620 1287 786 1379 νοήσομεν
812 1290 854 1362 τὸ
876 1295 1110 1381 γεγραμμένον
1124 1287 1326 1380 χρησόμενοι
1347 1295 1434 1376 λέξει
1456 1285 1650 1380 εύαγγελικῇ

338 1391 493 1478 εἰρημένη
515 1385 582 1461 ῦπό
605 1395 669 1461 τοῦ
691 1395 845 1479 σωτῆρος
867 1385 1123 1478 ούτωςέχούση·
1147 1387 1344 1480 »ἐργάζεσθε
1360 1386 1408 1474 οός
1424 1385 1530 1480 ἡμέρα
1544 1393 1649 1461 ἐστίν·

287 1501 321 1554 10
338 1491 467 1576 ἔρχεται
497 1488 558 1576 νύξ
588 1481 647 1560 ότε
678 1486 787 1573 ούδελς
818 1487 958 1562 δύναται
988 1487 1215 1580 έργάζεσθαιι.
1257 1485 1382 1580 ἡμέραν
1403 1493 1473 1561 ἐκεῖ
1494 1486 1649 1578 ὠνόμασε

336 1586 401 1659 τὸν
422 1593 530 1660 αἰῶνα
552 1595 681 1662 τοῦτον
703 1586 804 1678 (άλλά
826 1585 1019 1678 άναγκαλως
1039 1597 1236 1679 προσέθηκα
1258 1589 1300 1661 τό
1322 1593 1400 1660 ἐκεῖ·
1429 1591 1504 1662 οἰδα
1525 1589 1589 1678 γάρ
1611 1593 1648 1660 ἐν

336 1684 454 1770 ἄλλοις
476 1686 561 1758 ἄλλα
582 1685 688 1762 πάλιν
703 1688 902 1779 δηλούμενα)
917 1685 1044 1780 ἡμέραν
1060 1681 1123 1762 οῦν
1139 1685 1293 1778 ωνόμασε
1308 1688 1372 1761 τόν
1386 1695 1496 1762 αἰῶνα
1510 1695 1647 1774 τοῦτον,

335 1783 459 1871 σκότος
481 1793 516 1860 δέ
536 1794 593 1860 καὶ
615 1787 722 1861 νύκτα
746 1789 810 1880 τὴν
832 1795 1026 1862 συντέλειαν
1049 1787 1102 1860 διά
1124 1787 1185 1872 τὰς
1207 1785 1368 1872 κολάσεις.
1414 1791 1486 1860 »ἳνα
1509 1797 1559 1860 τέι
1583 1787 1646 1876 γάρ

338 1882 433 1976 »ύμῖν
461 1890 639 1978 ἐπιθυμεῖν
662 1884 787 1977 ἡμέραν
807 1895 942 1976 κυρίου;
983 1894 1039 1960 καὶ
1065 1881 1149 1978 αῦτη
1171 1892 1243 1960 ἐστὶ
1264 1885 1386 1972 σκότος
1407 1896 1463 1960 καὶ
1486 1885 1527 1960 06
1550 1894 1642 1974 φῶς(

283 1996 316 2048 15
335 1994 437 2076 φησὶν
465 1982 571 2077 Ἀμώς
601 1982 620 2059 6
647 1984 837 2077 προφήτης.
881 1985 942 2060 ἐὰν
973 1993 1046 2076 λδης
1077 1996 1110 2058 τί
1140 1985 1182 2059 τὸ
1213 1985 1422 2079 σκυθρωπὸν
1459 1987 1544 2076 μετά
1582 1987 1646 2078 τήν

333 2093 528 2158 συντέλειαν
551 2093 615 2161 τοῦ
635 2083 771 2177 κόσμου,
794 2085 836 2159 τὸ
859 2084 1170 2160 ἐπακολουθοῦν(
1141 2117 1189 2170 ως
1211 2087 1330 2175 σχεδὸν
1351 2093 1456 2160 παντὶ
1478 2094 1530 2178 τῷ
1558 2094 1646 2176 γένει

332 2214 406 2257 των
432 2182 634 2275 ἀνθρώπων
655 2195 898 2277 κολαζομένων
919 2192 975 2259 ἐπὶ
997 2207 1070 2270 τοις
1091 2183 1349 2310 ἡμαρτημένοις,
1373 2180 1451 2276 ὄψει
1473 2181 1529 2260 ὅτι
1551 2211 1644 2258 συνε-

330 2280 475 2356 σκότασε
505 2285 586 2359 τότε
617 2286 658 2359 τὸ
687 2293 844 2374 περιέχον
874 2295 930 2358 καὶ
960 2283 1074 2361 ούκέτι
1105 2283 1212 2410 ρῦδελς
1244 2285 1385 2360 δύναται
1407 2283 1559 2374 δοξάζειν
1578 2285 1641 2358 τὸν

330 2379 477 2469 θεόν,”
448 2415 512 2474 ειγε
533 2391 590 2456 καλ
612 2405 685 2470 ταις
707 2393 849 2470 δικαίοις
869 2392 1077 2476 προσέταζεν
1100 2381 1238 2510 δλόγος
1252 2393 1337 2460 θεοῦ
1352 2392 1475 2478 λέγων·
1502 2382 1639 2472 »βάδιζε

278 2492 312 2547 20
329 2479 410 2568 λαός
439 2512 518 2572 μου,
550 2489 682 2558 εἴσελθε
714 2484 817 2567 εἰς
782 2515 822 2557 το
846 2483 996 2576 ταμιεῖόν
1018 2509 1092 2570 σου,
1120 2482 1325 2560 ἀπόκλεισον
1346 2484 1412 2577 τήν
1433 2483 1544 2574 θύραν
1566 2508 1639 2567 σου,

328 2579 545 2674 άποκρύβηθι
569 2581 692 2674 μικρὸν
717 2579 800 2657 ὅσον
827 2577 924 2671 ὅσον,
953 2587 1017 2669 ἕως
1043 2583 1086 2656 ἂν
1106 2591 1262 2673 παρέλθη
1284 2580 1304 2657 6
1325 2584 1434 2676 θυμός
1455 2591 1516 2676 τής
1538 2579 1639 2675 όργής

326 2712 421 2772 μουι.
458 2677 524 2774 άμα
546 2691 582 2757 δὲ
603 2688 641 2756 ἐν
662 2683 813 2770 τούτοις,
837 2690 867 2757 εἲ
886 2716 937 2770 τις
952 2684 1102 2769 δύναται,
1125 2692 1268 2774 τηρεέτω
1284 2678 1339 2757 ότι
1354 2690 1475 2776 εἴρηκε·
1501 2682 1638 2774 »μικρὸν

327 2777 411 2855 ὅσον
440 2779 552 2858 όσονι.
596 2779 675 2856 ἀλλ’
706 2789 816 2859 έκεῖνο
847 2785 888 2858 τὸ
922 2784 1060 2877 »μικρὸν
1091 2778 1189 2857 ὅσον(
1221 2781 1343 2874 μικρόν
1366 2790 1439 2856 ἐστι
1459 2790 1553 2870 θεοῦ
1576 2779 1638 2856 ούκ

325 2885 397 2955 ἔστι
426 2881 546 2973 μικρὸν
579 2880 775 3008 άνθροόπῳ
805 2885 868 2976 χρὴ
898 2884 960 2974 γὰρ
980 2877 1156 2971 βλέπεινο
1136 2914 1193 2957 οτι
1214 2881 1346 2974 ἑκάστῳ
1367 2889 1439 2956 ἐστί
1460 2912 1495 2955 τι
1515 2881 1637 2972 μικρὸν

273 3007 305 3062 25
323 2991 379 3054 καλ
408 2991 501 3105 μέγα.
541 2981 651 3054 καὶ’
631 2982 698 3056 απὸ
728 2990 998 3073 παραδείγματος
1027 2982 1235 3074 παραστήσω
1267 2977 1322 3056 ότι
1352 2980 1484 3072 ἑκάστῳ
1512 2987 1581 3054 έστὶ
1604 3012 1638 3053 τι

322 3082 443 3173 μικρὸν
479 3079 501 3171 6
534 3089 627 3203 μέγα.
675 3081 808 3173 ἑκάστῳ
846 3083 926 3173 ζωῳ
961 3082 1062 3172 μικρά
1102 3081 1214 3172 τροφὴ
1251 3081 1272 3172 6
1310 3082 1433 3205 τοσήδε
1469 3080 1517 3166 οἷς
1551 3081 1637 3171 πρὸς

322 3181 493 3272 σύγκρισιν
507 3189 569 3273 τῆς
585 3180 795 3302 συστάσεως
790 3178 909 3268 αύτοῦ,
933 3189 989 3253 καλ
998 3180 1109 3271 πολλὴ
1125 3181 1294 3273 τροφὴ<η
1284 3178 1310 3270 ε>
1334 3179 1507 3274 τοσήδε
1478 3213 1527 3266 ως
1548 3181 1635 3270 πρὸς

235 3295 304 3352 2621
321 3281 387 3370 τήν
417 3280 588 3372 σύγκρισιν
618 3280 722 3354 πάλιν
753 3288 814 3372 τῆς
843 3288 1048 3372 κατασκευῆς
1074 3277 1187 3354 αῦτοῦ.
1229 3277 1341 3353 καὶ
1307 3278 1420 3366 ου’τως
1442 3282 1483 3354 τὸ
1504 3279 1634 3373 μὴκρόν

320 3387 384 3452 τοῦ
410 3377 600 3470 άνθροόπου
627 3381 721 3472 ἄλλῳ
745 3383 823 3472 ζάῳ
847 3387 930 3470 μέγα
951 3387 1030 3454 ἐστί.
1072 3379 1113 3453 τὸ
1136 3377 1266 3471 μικρόν,
1290 3378 1368 3470 φέρ’
1392 3387 1509 3467 εἰπεῖν,
1536 3379 1633 3470 άνδρὶ

267 3493 301 3548 30
318 3479 410 3552 πολύ
435 3485 505 3552 έστι
531 3489 676 3554 παιδίου.
720 3474 835 3564 ούτως
862 3480 980 3572 μικρὸς
998 3478 1121 3572 χρόνος
1141 3486 1233 3553 ἐστὶν
1256 3475 1275 3553 6
1298 3487 1359 3572 τῆς
1381 3489 1470 3572 ζωῆς
1492 3488 1553 3572 τῆς
1576 3479 1631 3554 άν-

401 3721 418 3776 2
436 3720 499 3792 ng
517 3722 614 3789 10119,
627 3724 644 3775 4
662 3723 702 3789 12,
714 3721 756 3777 35.
778 3750 812 3760 -
835 3721 853 3776 θ
872 3719 970 3788 Joh.8,
983 3721 1024 3776 12.
1042 3749 1075 3760 -
1093 3720 1110 3776 θ
1125 3719 1186 3776 Joh.
1199 3722 1223 3785 9,
1235 3723 1260 3776 4.
1290 3720 1353 3792 vgl.
1365 3719 1439 3775 Hier.
1452 3719 1556 3776 comm.
1568 3721 1626 3776 933.

315 3837 347 3845 -
372 3807 408 3862 10
429 3806 493 3877 Vgl.
511 3805 600 3869 Philo,
618 3805 684 3877 Leg.
701 3805 784 3878 alleg.
801 3807 841 3860 ΙΙΙ
858 3807 879 3873 I,
889 3805 922 3860 92
933 3805 970 3869 Μ,
989 3822 1015 3860 u.
1027 3809 1052 3859 6.
1070 3833 1102 3843 —
1121 3803 1160 3860 18
1177 3808 1261 3860 Amos
1273 3806 1298 3872 5,
1311 3804 1351 3860 18.
1363 3835 1396 3844 -
1410 3805 1446 3861 16
1463 3803 1520 3859 δικ.
1531 3806 1572 3869 26,
1584 3805 1626 3860 20.

315 3921 346 3930 -
365 3891 434 3949 221.
450 3889 505 3947 Jes.
518 3892 559 3958 26,
572 3891 614 3947 20.

397 4111 424 4167 2.
442 4111 461 4167 9
478 4105 528 4181 ὥς]
544 4111 626 4165 ἄσατο
639 4108 662 4165 H
679 4111 683 4178 Ι
699 4111 718 4166 8
733 4107 894 4180 τδ-έοτίν]
904 4109 977 4164 nach
988 4109 1027 4164 H:
1045 4107 1153 4162 Ιιυιαοπ
1169 4109 1201 4162 in
1219 4115 1242 4164 1ο
1254 4113 1292 4163 est
1306 4109 1311 4178 Ι
1325 4111 1343 4166 ῦ
1360 4108 1477 4166 δύναται
1488 4107 1624 4181 γενέσθαι

310 4198 382 4252 nach
398 4196 436 4251 H:
452 4199 475 4252 6.
496 4195 632 4267 λέγεσθαι
652 4197 669 4252 S
690 4197 803 4264 suturae
824 4201 890 4250 ειιιιε
907 4193 934 4248 Η
949 4197 952 4263 Ι
970 4194 1007 4250 12
1026 4191 1195 4264 δηλούμενα]
1213 4199 1245 4257 -Ι-
1263 4210 1295 4248 a
1311 4193 1369 4248 diei
1385 4195 1510 4249 vocabulo
1521 4193 1548 4248 H
1563 4196 1567 4262 Ι
1584 4195 1623 4250 18

307 4279 450 4352 κολάσεις]
469 4300 485 4337 ο
502 4282 532 4336 in
544 4280 606 4336 aas.
619 4282 637 4336 S
655 4287 688 4346 1-
706 4299 775 4351 quae
791 4281 890 4348 μιέιιτο
906 4283 971 4332 sunt
982 4278 1008 4332 H
1023 4281 1027 4347 Ι
1044 4278 1079 4334 19
1096 4279 1221 4348 δικαίοις]
1241 4285 1274 4342 -1-
1291 4279 1324 4332 ιἰι
1340 4279 1421 4334 [saia
1431 4278 1457 4332 H
1472 4279 1477 4346 Ι
1493 4278 1530 4334 21)
1542 4297 1622 4347 ταμι·

308 4368 378 4436 εῖον]
392 4365 588 4434 promtuaria
599 4365 625 4419 H
642 4359 1039 4436 τς1.8.97,41213οον2]ο.
1051 4363 1082 4420 Β.
1095 4363 1126 4416 S¹
1140 4365 1145 4418 Ι
1161 4362 1249 4430 21122
1262 4359 1278 4418 6
1290 4361 1384 4432 θυμός
1395 4369 1444 4432 τῆς
1457 4359 1544 4434 ὀργῆς
1554 4363 1622 4433 μου]

307 4451 354 4505 ira
376 4451 429 4504 Dei
449 4451 504 4519 (οδ.
522 4449 651 4519 Domina)
668 4449 701 4518 fl,
719 4449 791 4506 doeh
811 4449 867 4520 vgl.
886 4449 1035 4515 696811.
1052 4447 1082 4500 in
1102 4447 1170 4503 Gon.
1182 4446 1262 4503 Hom.
1275 4449 1328 4514 2‚3
1346 4447 1518 4518 (606136
1541 4447 1622 4514 furor

306 4535 366 4588 ι’τοε
386 4551 462 4589 meae
476 4536 481 4603 l
496 4535 536 4590 24
553 4535 590 4605 τι]
603 4535 776 4606 fibergeschr.
790 4535 819 4590 θ’
835 4537 840 4603 Ι
855 4536 894 4592 26
909 4534 925 4604 6
939 4533 1017 4588 Blass
1029 4529 1075 4599 68
1090 4532 1095 4599 Ι
1111 4531 1145 4587 27
1157 4530 1173 4600 6
1186 4531 1264 4586 Blass
1279 4533 1284 4601 1
1299 4532 1339 4590 28
1359 4529 1532 4601 αύιοῦΗ-ιέ
1550 4531 1622 4600 quod

306 4619 360 4672 alii
371 4619 509 4687 μιωέίλιιαι
525 4624 571 4684 est,
597 4636 682 4687 aeque
699 4621 729 4672 id
748 4620 842 4688 ipsum
859 4619 913 4673 alii
929 4617 1048 4672 αιιιθιιαι
1066 4621 1111 4670 esc.
1151 4616 1224 4680 Quid
1240 4617 1271 4670 de
1288 4617 1460 4671 animalibus
1479 4617 1573 4686 loquor
1585 4617 1619 4670 H.
