3694 5542
325 430 383 493 182
763 421 902 494 Origenes’
919 423 1179 482 seremiahomilien.

322 583 504 676 προφήτης
531 591 701 674 μυστικῶς
730 593 788 657 καὶ
819 592 905 676 λέγει
937 585 1022 659 ίδών
1048 585 1070 659 ἀ
1091 583 1264 678 ήπάτηται
1283 581 1353 658 ἀπὸ
1380 591 1444 659 τοῦ
1465 591 1552 658 θεοῦ
1577 591 1633 658 ἐπὶ

322 689 416 776 καλῷ
440 691 506 771 [καὶ
520 690 629 774 λέγει]·
656 681 851 776 »ήπάτησάς
864 716 914 776 με,
936 686 1039 778 κύριε,
1055 694 1111 757 καὶ
1127 684 1343 778 ήπατήθηνι.
1377 681 1504 776 ήγαγεν
1528 681 1634 756 αύτὸν

322 787 377 854 ἐπί
399 783 464 874 τήν
483 783 693 875 τηλικαύτην
708 783 847 876 (χάριν),
869 791 925 858 ἐπὶ
939 787 981 859 τὸ
997 779 1160 872 εύξασθαι
1173 793 1230 858 καλ
1245 791 1353 858 εἰπεῖν
1368 793 1420 876 τῷ
1436 793 1525 875 θεῷ·
1549 779 1633 855 ἀπά·

323 881 430 974 τησόν
456 913 510 972 με,
537 890 566 955 εί
592 891 699 958 τοῦτο
724 891 893 975 συμφέρει.
937 885 1024 977 άλλη
1051 886 1114 977 γὰρ
1135 883 1156 976 6
1179 882 1294 976 ἀπάτη
1318 882 1340 976 6
1361 881 1431 958 ἀπὸ
1454 891 1518 958 τοῦ
1539 890 1633 966 θεοῦ,
1692 933 1698 944 -

289 981 411 1074 δάλλη
437 980 458 1074 6
484 979 598 1074 ἀπάτη
625 980 647 1074 6
668 980 737 1056 ἀπὸ
756 993 821 1058 τοῦ
842 977 963 1074 όφεως.
1006 979 1069 1072 ὅρα
1091 990 1125 1057 τί
1147 981 1275 1076 λέγειή
1298 986 1383 1076 γυνή
1402 992 1454 1076 τῷ
1476 991 1565 1074 θεῷ·
1596 979 1633 1055 »6

324 1076 403 1169 ὄφις
428 1080 583 1174 ήπάτησέ
605 1113 659 1174 με,
686 1093 743 1158 καλ
765 1088 923 1175 ἔφαγονι.
957 1093 1014 1156 καὶ
1035 1079 1057 1174 6
1078 1089 1141 1174 μλν
1161 1080 1277 1174 ἀπάτη
1300 1080 1321 1174 6
1343 1080 1411 1157 ἀπὸ
1434 1091 1498 1156 τοῦ
1520 1078 1634 1173 ὄφεως

322 1186 426 1269 ἐξεῖλε
456 1181 521 1254 τὸν
542 1179 641 1274 Ἀδάμ
669 1191 725 1254 καὶ
756 1183 823 1273 τήν
850 1201 993 1274 γυναῖκα
1024 1180 1132 1257 αὐτοῦ
1162 1180 1231 1255 ἀπό
1258 1190 1321 1256 τοῦ
1342 1191 1550 1275 παραδείσου
1570 1190 1634 1256 τοῦ

322 1289 418 1354 θεοῦ·
441 1278 462 1372 ή
484 1289 520 1354 66
542 1277 657 1374 ἀπάτη
680 1280 701 1373 6
723 1289 884 1374 γενομένη
906 1289 957 1373 τῷ
980 1281 1145 1374 προφήτη
1165 1289 1250 1372 (τῷ)
1267 1281 1413 1356 εἰπόντι·
1440 1279 1634 1374 »ήπάτησάς

321 1411 371 1472 με,
387 1381 490 1472 κύριε,
512 1391 569 1455 καί
591 1379 794 1474 ήπατήθηνι
818 1377 944 1472 ήγαγεν
965 1379 1073 1454 αύτὸν
1094 1387 1150 1456 ἐπὶ
1170 1381 1235 1473 τήν
1250 1381 1460 1474 τηλικαύτην
1474 1389 1536 1472 τῆς
1550 1411 1634 1474 προ-

272 1499 306 1558 10
324 1489 464 1572 φητείας
493 1479 606 1574 χάριν,
637 1488 692 1554 έπὶ
722 1484 764 1556 τὸ
796 1477 937 1570 αύξήσαι
966 1486 1004 1552 έν
1034 1478 1129 1572 αύτῷ
1156 1482 1221 1573 τήν
1252 1480 1403 1572 δύναμιν,
1433 1487 1489 1556 ἐπὶ
1516 1481 1557 1554 τὸ
1580 1511 1633 1553 τε·

323 1588 510 1673 λειωθῆναι
525 1578 631 1653 αύτὸν
645 1590 702 1654 καί
717 1587 909 1672 δυνηθῆναι
920 1577 1199 1672 ῦπηρετήσασθαι
1211 1579 1296 1672 μετά
1312 1589 1377 1654 τοῦ
1391 1581 1436 1672 μή
1452 1590 1635 1670 φοβεῖσθαι

324 1681 516 1771 ἀνθρωπον
542 1687 594 1772 τῷ
621 1679 811 1772 βουλήματι
837 1678 1030 1771 τοῦλόγου
1055 1687 1120 1754 τοῦ
1144 1687 1238 1753 θεοῦ.
1281 1687 1473 1774 ταῦταμὲν
1494 1674 1634 1753 οὖνκαὶ

323 1777 415 1870 ήμεῖς
438 1786 599 1863 νοοῦντες
619 1787 676 1851 καί
702 1785 758 1852 ἐπὶ
783 1787 847 1854 τοῦ
867 1777 1043 1872 παρόντος
1064 1788 1121 1853 καὶ
1142 1783 1206 1870 (εἰς
1227 1781 1270 1853 τὸ
1291 1785 1433 1870 μέλλον)
1456 1777 1634 1868 εύξάμεθα

323 1875 521 1952 ἀπατᾶσθαι
546 1877 615 1954 ῦπὸ
637 1886 700 1952 τοῦ
721 1885 814 1952 θεοῦ.
848 1877 959 1970 μόνον
983 1881 1028 1972 μή
1056 1877 1075 1952 6
1103 1873 1182 1968 ὄφις
1208 1874 1419 1970 άπατησάτω
1442 1876 1536 1969 ἡμᾶς.
1577 1887 1634 1950 καὶ

272 1999 305 2054 15
323 1973 475 2068 ἀλλαχοῦ
495 1979 611 2071 τούτῳ
627 1986 781 2070 συγγενὲς
798 1987 992 2070 γέγραπται,
1015 1974 1071 2052 ότι
1086 1985 1216 2072 ελρηται
1229 1985 1268 2051 έν
1283 1987 1335 2071 τῷ
1349 1975 1476 2072 Ἡσαΐᾳ·
1501 1977 1634 2070 »κύριος

323 2077 387 2170 γάρ
413 2084 570 2168 έκέρασεν
592 2076 709 2164 αύτοῖς
738 2085 870 2170 πνεῦμα
889 2077 1120 2170 πλανήσεωςι.
1162 2076 1350 2169 ἀπιστήσεις
1370 2075 1468 2152 κάκεῖ
1487 2087 1521 2150 τί
1542 2096 1636 2151 ποιεῖ

323 2177 366 2250 τό
387 2185 520 2269 πνεῦμα
542 2185 604 2269 τῆς
624 2177 825 2271 πλανήσεως
844 2177 1072 2302 κιρνάμενον
1070 2175 1139 2251 ἀπὸ
1160 2186 1225 2251 τοῦ
1245 2185 1338 2251 θεοῦ.
1373 2185 1488 2262 καλῶς
1510 2183 1555 2261 δέ,
1578 2171 1633 2250 ότι

323 2275 386 2350 οῦκ
412 2277 563 2369 ἄκρατον
590 2274 782 2351 δέδωκεν
762 2309 781 2352 ο
808 2277 891 2363 θεὸς
917 2276 958 2351 τὸ
985 2285 1117 2369 πνεῦμα
1138 2284 1201 2369 τής
1221 2275 1436 2368 πλανήσεως,
1468 2273 1557 2362 ἀλλ’,
1586 2272 1634 2360 σός

326 2373 502 2467 ω’νόμασεν
522 2373 541 2451 6
563 2376 754 2470 προφήτης,
777 2385 932 2466 ἐκέρασεν
953 2375 1047 2452 αύτό.

273 2503 308 2559 20
408 2485 519 2564 (19,)4.
540 2481 846 2566 Παρακινδυνεῦσαι
859 2485 956 2552 θέλω
971 2453 1252 2601 καλπαράάειγμα
1267 2484 1385 2550 ἀοῦναι
1401 2473 1634 2599 οόφελημένορν

239 2608 308 2664 318¹
324 2573 563 2668 ήπατημένων.
581 2579 666 2663 Ιείσί
693 2607 783 2658 τινες
809 2581 844 2648 οἳ
869 2576 923 2649 διὰ
949 2584 1055 2651 τοῦτο
1082 2573 1221 2650 ἀσκοῦσι
1245 2576 1310 2668 τήν
1331 2571 1469 2666 άγνείαν
1490 2586 1547 2648 καὶ
1568 2576 1633 2668 τήν

155 2674 159 2680 ’
324 2673 561 2766 καθαρότητα,
587 2684 643 2749 καλ
670 2675 769 2750 άλλοι
795 2681 830 2750 οἳ
855 2676 910 2750 6ιά
935 2683 1042 2751 τοῦτο
1064 2674 1202 2749 ἀσκοῦσι
1222 2675 1289 2767 τήν
1309 2684 1533 2767 μονογαμίαν,
1560 2681 1632 2748 έπεὶ

324 2773 577 2866 προσεδόκησαν
599 2773 812 2849 ἀπόλλυσθαι
833 2774 898 2849 τὸν
919 2775 1186 2850 συνουσιάσαντα
1201 2784 1213 2864 66
1228 2783 1392 2866 γαμικοῦς,
1415 2773 1630 2848 ἀπάλλυσθαι
1650 2788 1700 2844 267

325 2874 390 2948 τὸν
419 2875 654 2968 ἀιγαμήσαντα.
695 2885 926 2967 συγκρίνωμεν
955 2873 1038 2948 καθ’
1061 2875 1215 2960 ἑαυτούς,
1247 2881 1280 2945 τί
1310 2884 1478 2948 λυσιτελεῖ
1501 2883 1545 2964 τῇ
1572 2903 1630 2966 μο-

274 2991 308 3048 26
324 2973 472 3066 νογάμῳ,
495 2971 692 3067 ήπατήσθαι
714 2985 771 3048 καλ
790 2979 921 3049 οἴεσθαι
935 2973 1139 3062 κολάζεσθαι
1160 2985 1215 3046 καὶ
1231 2981 1361 3064 αἰωνίῳ
1375 2972 1512 3046 κολάσει
1526 3002 1633 3064 παρα-

325 3073 540 3147 δίδοσθαι
502 3104 568 3167 την
588 3080 737 3166 ἀίγαμον,
758 3079 815 3147 ἵνα
833 3085 929 3163 μείνῃ
950 3072 1143 3166 μονόγαμος
1163 3082 1219 3146 καὶ
1240 3071 1386 3159 καθαρά,
1408 3101 1428 3162 η
1445 3101 1576 3163 γνωνᾳι
1592 3071 1633 3194 τό

325 3170 452 3298 ἀλήθὲς
485 3183 542 3246 καὶ
572 3180 762 3265 6ιγαμῆσαι,·
791 3183 933 3266 νομίζω,
973 3172 1104 3256 παντὸς
1139 3171 1342 3246 ούτινοσοῦν
1372 3177 1561 3258 βλέποντος
1591 3171 1633 3244 τὸ

325 3270 558 3347 ἀκόλουθον”
542 3297 635 3346 εστιν
657 3269 813 3360 εἰπεῖν,ο
795 3304 850 3348 οτι
869 3274 1127 3365 μακαριώτερον
1147 3279 1209 3364 μὲν
1230 3263 1274 3361 6v
1296 3271 1337 3344 τὸ
1355 3272 1559 3363 καθαρεύειν
1577 3279 1634 3346 καί

323 3370 369 3462 μή
391 3377 540 3462 διγαμεῖν
561 3371 606 3464 μή
628 3370 845 3466 ήπατημένην
865 3371 964 3446 καὶι
945 3380 1029 3464 ορᾶν
1051 3367 1107 3444 ότι
1128 3377 1313 3464 μετέχειέ
1273 3401 1296 3462 μ
1315 3399 1336 3442 ν
1350 3380 1521 3464 σωτηρίας
1536 3371 1631 3456 τινὸς

273 3486 308 3542 66
323 3468 423 3543 καὶι
402 3501 423 3561 η
444 3476 596 3562 ἀίγαμος,
620 3469 662 3545 ού
682 3473 749 3564 μήν
770 3473 938 3565 τοσαύτης
959 3469 1223 3564 μακαριότητος,
1248 3465 1327 3562 ὅσης
1348 3469 1461 3562 παρόν
1484 3480 1632 3562 ῦιγαμεῖν
1753 3473 1761 3485 “

324 3569 575 3660 καθαρεύσασα·
611 3575 639 3644 εί
669 3579 706 3645 66
734 3571 780 3664 μή
811 3571 952 3646 δύναται
978 3580 1098 3657 τοῦτο,
1128 3579 1263 3659 βέλτιον
1290 3569 1332 3642 τὸ
1359 3566 1557 3663 ήπατήσθαι
1584 3568 1632 3655 ιάς

408 3792 426 3848 5
448 3791 618 3856 (1611616.
643 3823 677 3832 -
705 3794 742 3850 11
770 3794 835 3864 Vgl.
852 3791 951 3850 Jerem.
970 3794 993 3860 1,
1011 3791 1053 3849 8?
1078 3823 1111 3832 —
1143 3791 1179 3850 16
1202 3791 1375 3858 608.19,14.
1402 3821 1435 3831 -
1461 3792 1541 3848 246.
1568 3789 1632 3864 Vgl.

323 3875 354 3929 in
375 3877 388 3929 I
406 3877 469 3932 Κατ.
488 3879 516 3941 6,
535 3877 568 3932 12
590 3877 659 3946 ((19.1.
678 3877 766 3935 Gram.
785 3877 818 3944 V,
837 3879 899 3944 109,
918 3877 1043 3946 20-27);
1075 3874 1153 3946 τιάση
1179 3871 1316 3950 παρθένῳ
1347 3869 1437 3942 ἔξεστι
1463 3879 1633 3947 γαμεῖσθαι·

325 3953 420 4030 ἀλλ’ἢ
445 3962 517 4030 καλή
539 3962 589 4018 καί
611 3959 707 4034 ἀγαθή
730 3957 781 4032 οὐχ
804 3956 942 4032 ὼςμήέ
942 3960 992 4030 ξὸν
942 3965 1116 4032 ξγαμεῖν
1135 3957 1271 4031 ἀπέχεται
1288 3967 1339 4015 τοῦ
1357 3967 1469 4030 γαμεῖν,
1487 3955 1548 4016 ἀλλ’
1566 3957 1633 4016 ἀνα·

324 4049 399 4117 βᾶσα
421 4047 472 4114 τήν
494 4041 589 4112 έξσυσ
589 4065 649 4103 αν
682 4045 799 4104 ..ἀλλὰ
820 4049 870 4103 καλ
892 4043 996 4118 ἀνδρὸς
1017 4047 1237 4116 τελευτήσαντος
1255 4041 1289 4100 οῦ
1306 4039 1464 4100 κεκώλυται
1481 4041 1633 4114 ήῦιγαμία

324 4133 526 4196 παντελῶς.
540 4125 620 4186 .’ἀλλ
632 4089 812 4187 ἀκόῦσασα“
798 4151 815 4201 η
832 4133 903 4200 καλή
921 4133 990 4202 γυνή
1002 4128 1168 4201 μακαριωτέ
1169 4149 1205 4202 ρα
1154 4125 1301 4192 έέίστν,
1315 4121 1412 4184 έάν“
1378 4146 1468 4194 ουτως
1479 4147 1526 4196 μει
1522 4129 1562 4196 ’νγ
1575 4130 1633 4184 κτλ

324 4213 398 4284 (Vgl.
416 4215 486 4270 such
505 4213 803 4277 ε.ιε.0.6.126.127.1

408 4413 428 4469 2
450 4413 499 4468 καὶ
515 4411 601 4484 λέγει]
618 4411 713 4470 τέλειθ
734 4413 891 4470 Κοείιοὴεα
915 4416 919 4483 6
943 4415 962 4470 6
982 4410 1075 4484 χάριν,
1094 4409 1141 4468 έπί
1158 4409 1202 4482 τὸ]
1227 4412 1282 4482 vgl.
1301 4412 1327 4467 Z.
1347 4413 1380 4468 10
1402 4404 1478 4468 ἔστιν
1495 4411 1513 4466 S
1533 4413 1536 4478 6
1560 4409 1634 4484 θτῷ

323 4497 404 4636 ξτὶρεὲ
419 4497 483 4654 11ἒέ
491 4495 718 4638 ἑξττῦήιμὲέλλυν
736 4499 780 4554 Gh
800 4499 804 4566 6
827 4498 866 4555 21
891 4495 1009 4555 ἀσκοῦσι
1025 4497 1087 4567 τήν]
1111 4497 1167 4567 vgl.
1186 4497 1212 4552 Z.
1231 4499 1265 4554 22
1288 4493 1442 4561 ἀσκοῦντες
1464 4495 1482 4550 S
1505 4496 1510 4564 6
1536 4495 1574 4551 24
1597 4493 1633 4564 τί]
