3658 5566
322 447 382 510 290
559 437 699 507 Origenos’
716 435 875 508 Erklarung
893 436 941 492 der
958 436 1078 492 Samuel·
1096 437 1153 492 und
1171 437 1386 508 Konigsbueher.

322 603 506 689 ἑωρακέναι
532 599 736 689 ἄνθρωπον·
767 601 912 688 ἔπτηξεν
938 605 1066 672 τοῦτον
1093 593 1134 672 ὃν
1159 603 1253 675 εἶδεν.
1296 608 1373 674 τίνα
1395 596 1474 694 ὁρᾷ;
1506 601 1631 683 »θεοὺς

321 702 406 789 ἒγῶι
441 723 544 790 φησιν
576 701 695 787 »είδον,
726 697 829 781 θεοὺς
859 695 1107 784 ἀναβαίνοντας
1137 699 1205 774 ἀπὸ
1236 706 1298 791 τῆς
1329 708 1417 792 γῆςι.
1458 707 1515 772 καὶ
1541 698 1631 789 τάχα

320 800 484 890 Σαμουὴλ
514 797 556 872 06
584 796 690 890 μόνος
720 793 926 887 ἀναβέβηκεν
955 806 1011 870 καί
1040 797 1121 871 τότε
1147 799 1399 890 προφητεύσων
1421 807 1473 892 τῷ
1496 798 1630 872 Σαούλ·

322 896 396 972 ἀλλ’
418 897 519 984 εἰκός,
547 897 662 988 ῶσπερ
693 903 844 970 ἐνταῦθα
874 897 975 988 »μετά
997 893 1092 972 ὁσίου
1114 894 1299 992 όσιωθῄση,
1320 908 1377 972 καὶ
1397 899 1481 990 μετὰ
1503 896 1630 990 ἀνδρὸς

286 996 443 1089 ὁάθῴου
469 996 588 1089 ἀθῷος
613 1000 685 1086 666,
712 1003 768 1070 καὶ
793 997 879 1086 μετά
905 1001 1068 1072 ἐκλεκτοῦ
1094 1001 1253 1084 ἐκλεκτὸς
1276 1004 1368 1089 ἔσηι,
1390 1007 1447 1072 καί
1472 1005 1555 1071 εἰσίν
1576 1005 1630 1071 ἐν·

321 1105 434 1170 ταῦίία
455 1104 623 1190 διατριβαί
644 1095 752 1188 ἁγίων
772 1097 857 1186 μετά
878 1093 994 1186 άγίων,
1017 1095 1090 1188 οῦχί
1112 1107 1148 1172 66
1169 1096 1277 1191 άγίων
1298 1099 1382 1192 μετὰ
1401 1095 1629 1190 άμαρτωλῶν,

320 1205 375 1270 καὶ
402 1198 478 1270 εί”
457 1227 522 1319 αρα
543 1205 644 1282 ποτέ,
672 1201 743 1269 ἐστὶ
766 1203 839 1268 τῶν
860 1191 1013 1286 ἀγίων
992 1227 1013 1288 η
1037 1200 1189 1290 διατριβὴ
1210 1199 1294 1288 μετά
1316 1205 1391 1272 τῶν
1412 1194 1630 1324 ἁμαρτωλῶν

319 1296 405 1390 ῦπὲρ
434 1307 496 1370 τοῦ
521 1307 577 1370 καὶ
603 1297 685 1380 τοὺς
710 1293 950 1418 ἀμαρτωλοὺς
961 1305 1080 1416 σῶσαι,
1108 1294 1202 1371 οῦτω
1225 1297 1311 1388 τάχα
1331 1305 1388 1370 καὶ
1409 1297 1631 1384 ἀναβαίνοντι

321 1406 371 1490 τῷ
399 1397 560 1487 Σαμουὴλ
592 1393 898 1486 συναναβεβῄκασιν
928 1393 1006 1486 ἤτοι
1035 1390 1125 1488 άγιαι
1154 1405 1257 1488 ψυχαί
1287 1397 1404 1470 ἄλλων
1434 1405 1629 1520 πρηφητῶν

268 1493 342 1589 1οῄ
368 1498 502 1589 ἄγγελοι
532 1501 619 1620 ῄσαν
648 1495 732 1586 μετά
759 1502 834 1567 τῶν
860 1493 1065 1585 πνευμάτων
1091 1496 1407 1588 συναναβεβηκότες.
1454 1495 1540 1586 τάχα
1574 1509 1629 1586 ζη-

320 1596 432 1687 τήσεις
466 1603 495 1668 εί
527 1597 661 1687 ἄγγελοι
698 1589 784 1686 ἦσαν
810 1601 865 1668 ίπί
896 1606 970 1670 τῶν
1000 1594 1205 1687 πνευμάτων
1236 1593 1366 1682 αῦτῶν;
1398 1592 1418 1670 6
1448 1595 1630 1688 προφήτης

319 1705 419 1786 λέγει·
444 1693 482 1769 »6
504 1697 645 1786 ἄγγελος
668 1727 687 1769 ο
677 1691 886 1772 (λαλῶνέν
908 1703 1016 1788 ἐμοίι·
1037 1705 1093 1768 καί
1115 1695 1230 1770 πάντα
1250 1703 1444 1789 πληροῦται
1464 1703 1629 1770 τῶνόεο-

319 1805 434 1886 μένων
460 1805 632 1887 σωτηρίας
658 1803 714 1868 καί
743 1795 888 1882 »πάντες
914 1805 975 1871 είσί
1002 1797 1216 1887 λειτουργικὰ
1241 1795 1416 1885 πνεύματα
1443 1803 1490 1879 είς
1516 1803 1630 1868 διακο-

321 1905 397 1968 νίαν
419 1891 698 1986 ἀποστελλόμενα
720 1895 775 1968 διά
797 1898 879 1981 τούς
899 1906 1088 1988 μέλλοντας
1108 1906 1332 1986 κληρονομεῖν
1354 1905 1556 1984 σωτηρίανι.
1593 1905 1630 1966 τί

268 2019 303 2072 15
321 2003 411 2084 φοβῇ
437 2001 545 2068 εἰπεῖν
571 1989 626 2067 ότι
652 2001 720 2078 πᾶς
742 1992 850 2080 τόπος
870 1996 983 2086 χρῄζει
1003 1992 1108 2086 Ἰησοῦ
1130 2003 1295 2086 Χριστοῦ·
1315 1995 1428 2086 χρῄζει
1449 2003 1522 2067 τῶν
1543 2023 1629 2084 προ-

321 2103 444 2219 φητῶν
474 2090 494 2166 6
522 2092 658 2184 χρῄζων
681 2101 843 2184 Χριστοῦ·
873 2093 951 2169 0666
981 2097 1044 2186 γάρ
1072 2102 1222 2184 Χριστοῦ
1250 2103 1313 2184 μὲν
1333 2093 1460 2184 χρῄζει,
1491 2101 1566 2168 τῶν
1591 2101 1630 2166 66

319 2193 591 2318 εῦτηεπιζόντων
623 2201 774 2285 Χριστοῦ
808 2203 998 2284 παρουσίαν
1031 2203 1086 2268 καί
1122 2201 1321 2318 ἐπιδημίαν
1331 2191 1372 2266 06
1401 2193 1522 2316 χρῄζει.
1571 2203 1629 2267 καί

319 2291 490 2386 Ἰωάννης,
513 2286 555 2365 06
576 2300 758 2384 μείζωνέν
739 2315 957 2386 νγεννητοίς
979 2302 1151 2386 γυναικῶν
1173 2287 1321 2377 οὐδεὶς
1303 2323 1346 2384 ην
1367 2293 1455 2365 κατὰ
1477 2293 1542 2385 τὴν
1563 2301 1630 2366 τοῦ

320 2399 476 2483 σωτῆρος
502 2390 599 2484 ἡμῶν
624 2403 810 2484 μαρτυρίαν
832 2402 1006 2484 λέγοντος·
1035 2399 1235 2486 »μείζωνέν
1216 2413 1433 2482 νγεννητοῐς
1456 2401 1629 2481 γυναικῶν

269 2514 303 2569 20
319 2490 476 2566 Ἰωάννου
495 2501 560 2566 τοῦ
580 2503 771 2580 βαπτιστοῦ
793 2491 903 2578 οῦδείς
923 2499 1032 2566 ἐστιν(
1039 2495 1105 2584 ,μὴ
1128 2501 1240 2582 φοβοῦ
1261 2487 1412 2582 λέγεινο
1392 2523 1449 2564 οτι
1470 2500 1517 2576 είς
1538 2487 1626 2585 ᾅδου

319 2599 523 2682 καταβέβηκε
549 2594 798 2684 προκηρύσσων
823 2624 889 2684 μου
915 2593 978 2666 τὸν
999 2594 1128 2682 κόριον,
1156 2598 1211 2666 ίνα
1232 2601 1378 2680 προείπη
1401 2590 1509 2665 αὐτόν
1529 2621 1626 2664 κατε-

320 2689 531 2782 λευσόμενον.
575 2692 629 2766 διὰ
655 2703 775 2778 τοῦτο,
803 2688 861 2767 ὅτε
888 2687 994 2783 6666
975 2701 1063 2814 ντῄ
1091 2699 1226 2782 φυλακῇ
1246 2697 1304 2764 καί
1325 2687 1399 2780 ᾔδει
1421 2691 1486 2782 τὴν
1507 2695 1628 2814 ἔξοῄον

321 2791 385 2880 τὴν
405 2789 681 2882 ἐπικειμένην’
639 2799 744 2883 αυτῷ,
765 2801 901 2885 πέμψας
922 2793 983 2866 660
1006 2801 1080 2865 τῶν
1100 2800 1270 2883 μαθητῶν
1291 2789 1516 2867 ἐπυνθάνετο,
1540 2787 1627 2880 οῦχί·

323 2891 381 2962 »οὐ
402 2887 479 2962 εί(
460 2921 479 2963 ο
501 2891 712 2981 έρχόμενοςμ
742 2890 826 2982 Ιῄδει
848 2891 937 2982 γάρ),
959 2888 1060 2964 ἀλλά·
1090 2892 1148 2963 »οὐ
1169 2887 1277 2964 66‘6
1221 2921 1239 2964 ο
1262 2889 1454 2981 ἐρχόμενος,
1476 2886 1499 2980 6
1521 2889 1629 2962 ἀλλον

269 3011 302 3066 2ο
320 2997 596 3082 προσδοκῶμεν,·ι
630 2991 716 3064 είδεν
746 2988 852 3064 αὐτοῦ
882 2991 947 3082 τὴν
977 2987 1089 3078 δόξαν,
1120 2988 1285 3082 ἐλάλησεν
1313 2989 1429 3064 πολλὰ
1458 2996 1535 3077 περὶ
1565 2995 1628 3080 τῆς

320 3087 595 3180 θαυμασιότητος
630 3088 748 3176 αὐτοῦ,
780 3092 1006 3182 ἐμαρτύρησεν
1038 3088 1132 3182 αὐτῷ
1162 3097 1320 3178 πρῶτος·
1354 3085 1391 3161 »6
1423 3084 1532 3161 ὀπίσω
1562 3119 1630 3180 μου

321 3186 499 3282 ἐρχόμενος
526 3193 719 3280 ἔμπροσθέν
744 3219 810 3278 μου
836 3199 1007 3279 γέγονενι,
1034 3190 1122 3262 είιίεν
1148 3186 1255 3262 αὐτοῦ
1276 3189 1340 3280 τὴν
1363 3185 1479 3276 δόξαν,
1506 3185 1629 3276 »δόξαν

321 3286 370 3371 ῶς
394 3296 603 3379 μονογενοῦς
627 3291 721 3381 παρά
746 3289 878 3379 πατρὸς
903 3286 1036 3380 πλήρης
1061 3285 1199 3379 χάριτος
1225 3297 1280 3361 καί
1303 3285 1495 3379 ἀληθείαςι.
1537 3299 1629 3379 τηλι·

320 3395 428 3458 καῦτα
450 3390 535 3460 ίδῶν
540 3397 639 3512 ’περὶ
660 3395 811 3478 Χριστοῦ
834 3385 929 3462 όκνεί
947 3397 1136 3474 πιστεῦσαι,
1164 3385 1364 3511 ἀμηιβάλλει
1385 3396 1440 3458 καὶ
1463 3385 1505 3460 οῦ
1525 3395 1628 3478 λέγει·

236 3511 302 3565 177v
321 3493 437 3558 εἴπατε
462 3485 573 3577 αὐτῷ·
604 3489 643 3560 σύ
673 3491 705 3560 εί
729 3485 748 3561 6
771 3488 934 3577 Χριστός;
961 3495 1056 3573 Ινῦν
1086 3489 1130 3579 μὴ
1161 3486 1346 3612 νοῄσαντες
1375 3485 1439 3578 γάρ
1466 3517 1557 3572 τινες
1585 3489 1630 3560 τά

321 3592 476 3714 εἰρημένα
507 3557 674 3676 λέγουσιν·
706 3582 863 3710 Ἰωάννης
893 3585 913 3660 6
944 3595 1146 3677 τηλικοῦτος
1176 3585 1239 3661 σῦκ
1264 3586 1337 3676 ῄδει
1359 3583 1524 3675 Χριστόν,
1553 3583 1628 3659 ἀλλ’

321 3683 449 3775 ἀπέστη
476 3683 534 3758 ἀπ’
556 3684 663 3809 αὐτοῦ
689 3689 731 3761 τὸ
755 3693 887 3776 πνεῦμα
914 3687 955 3759 τὸ
983 3681 1088 3776 ἀγιον.
1130 3695 1186 3760 καί
1212 3683 1285 3776 ῄδει
1310 3693 1451 3770 τοῦτον,
1480 3716 1510 3776 6
1494 3677 1631 3776 ἐμαρ-

321 3785 467 3874 τύρησεν
500 3785 569 3875 πρὸ
600 3794 762 3877 γενέσεως
790 3793 846 3858 καί
876 3783 930 3875 ἐφ’
958 3779 987 3879 ᾧ
1018 3793 1219 3878 ἐσκίρτησεν,
1250 3783 1350 3876 ἡνίκα
1381 3778 1491 3874 ἦλθεν
1520 3792 1575 3856 καὶ
1608 3783 1629 3876 6

406 3989 510 4046 41261.
520 3993 560 4059 17,
569 3991 610 4048 26.
623 3993 664 4049 27.
677 4022 710 4032 -
723 3991 816 4050 8-13
828 3992 892 4064 Vgl.
902 3991 1028 4048 Εαείοίίι.
1035 3991 1060 4046 S.
1070 3993 1110 4055 57,
1121 3991 1229 4046 11-15.
1243 3989 1322 4044 -11
1338 3989 1483 4052 Sachar.1,
1496 3991 1513 4044 9
1524 4006 1551 4042 u.
1561 3995 1586 4044 ὖ.
1595 4017 1630 4028 -

321 4073 357 4128 18
375 4074 457 4129 Hebr.
471 4080 493 4140 1,
507 4079 547 4131 14.
560 4107 593 4116 -
612 4077 651 4133 16
669 4077 737 4132 Luk.
750 4080 773 4146 7,
786 4079 827 4133 28.
839 4107 872 4116 -
884 4077 922 4132 24
939 4075 1006 4131 Luk.
1021 4077 1043 4144 7,
1057 4077 1098 4132 20.
1110 4105 1143 4114 -
1156 4075 1196 4130 26
1209 4074 1270 4129 Joh.
1284 4077 1307 4138 1,
1321 4077 1362 4130 15.
1373 4103 1407 4113 -
1420 4073 1457 4128 27
1477 4073 1539 4128 Joh.
1551 4075 1573 4141 1,
1588 4075 1629 4128 14.

406 4259 421 4313 1
440 4253 496 4314 ίιίεν
515 4259 543 4312 M
558 4261 563 4328 Ι
578 4260 596 4315 2
616 4255 691 4316 εἶδον
709 4260 746 4315 Al
763 4255 823 4316 ἴδον
840 4259 868 4314 Μ
885 4261 888 4328 Ι
905 4259 1016 4316 10-12
1034 4256 1051 4328 6
1056 4257 1347 4331 -σννοναβεβηκότες
1365 4259 1439 4312 steht
1454 4257 1484 4310 in
1497 4257 1526 4310 M
1537 4256 1631 4312 hinwr

321 4337 501 4411 τάχα-ἐμοί,
520 4343 680 4414 umgestellt
697 4345 770 4399 nach
787 4343 865 4398 Βίεεε
885 4345 889 4412 Ι
912 4344 948 4399 12
967 4346 1140 4414 πληροῦντες
1157 4343 1202 4398 Hu
1221 4345 1225 4410 Ι
1247 4341 1334 4408 1615
1352 4341 1379 4396 τί
1384 4340 1557 4412 -ΧριστοῦΙ
1574 4339 1628 4395 Eu·

321 4425 405 4479 είείία
417 4426 489 4490 8.54,
499 4430 549 4484 ῦ.6
563 4429 568 4496 Ι
584 4430 621 4485 16
630 4424 728 4502 χρῄζει
739 4427 838 4497 τόπος]
851 4427 976 4483 Ειιείείίυ
992 4431 997 4496 Ι
1011 4421 1108 4498 Ἰησοῦ]
1121 4425 1208 4484 αὐτοῦ
1218 4445 1250 4484 τε
1262 4433 1313 4483 τοῦ
1324 4424 1451 4481 Ειιεεοίίι.
1471 4425 1476 4492 Ι
1495 4424 1629 4496 Χριστοῦ]

322 4516 354 4573 -Ι-
364 4510 413 4563 ιιαλ
428 4516 485 4566 τῶν
497 4519 651 4585 προφητῶν
664 4511 790 4568 Ειεείείίι
807 4511 861 4581 (od.
873 4511 910 4566 ist
921 4511 979 4567 dies
991 4529 1040 4568 aus
1057 4513 1083 4568 Z.
1096 4514 1128 4567 17
1134 4513 1159 4581 7)
1175 4515 1179 4582 Ι
1195 4512 1245 4569 22.
1259 4511 1299 4567 24
1322 4505 1380 4582 ῄιίει
1392 4509 1427 4564 Or
1439 4503 1497 4578 εἴδη
1515 4509 1544 4564 Μ
1559 4511 1564 4578 Ι
1578 4508 1630 4566 25.

322 4592 360 4648 27
381 4587 453 4650 εἶδεν
465 4596 501 4650 Al
518 4591 576 4654 656
591 4597 621 4650 M
636 4599 640 4666 Ι
656 4597 695 4654 82
713 4595 772 4667 καί]
790 4597 839 4654 καί
857 4595 929 4653 οὐκί
948 4594 1019 4653 οὐκ]
