3694 5542
298 467 357 528 190
738 453 876 526 θήραμα
896 452 1156 510 ίοτειυίαἰεοωίίίεο.

295 626 353 690 καί
374 615 437 690 τόν
461 615 565 707 λόγον
586 615 886 707 ταλαιπωρήσαντι
907 625 963 689 καὶ
985 613 1137 689 παθόντι
1157 622 1214 686 καί
1229 620 1415 705 μισηθέντι,
1438 613 1604 699 πολλάκις

295 725 395 806 λέγει·
418 716 596 807 ἀναχωρῶ,
620 726 655 790 τί
675 745 732 806 μοι
753 725 810 791 καί
831 716 1038 811 πράγμασιν,·
1073 724 1102 789 εί
1124 721 1161 788 ἐκ
1182 713 1310 788 τούτου
1330 721 1385 785 καί
1407 719 1477 804 <έν>
1499 712 1604 805 πρόγ-

294 826 395 904 μασίν
417 821 491 908 είμι,
513 821 552 887 ἐκ
573 823 637 890 τοῦ
653 814 829 903 διδάσκειν,
852 822 889 890 έκ
911 825 975 891 τοῦ
995 822 1176 905 προίεσθαι
1198 813 1262 887 τόν
1276 811 1389 905 λόγον,
1412 813 1467 886 διά
1482 821 1516 885 τί
1531 811 1605 904 οὐχί

293 923 426 1006 μᾶλλον
448 913 614 1005 ἀναχωρῶ
636 919 693 987 έπί
715 915 780 1006 τήν
799 921 940 1008 ἐρημίαν
959 925 1015 990 καὶ
1034 912 1188 1005 ήσυχίαν;
1222 911 1386 986 τοιοῦτόν
1400 943 1435 985 τι
1448 921 1605 988 πέπονθε

209 1029 276 1086 323v
292 1023 348 1087 καί
363 1011 383 1088 ό
398 1014 582 1107 προφήτης
600 1023 605 1103 Ι
624 1021 747 1105 λέγων·
773 1025 846 1088 »καί
869 1018 958 1090 είπα·
981 1014 1021 1089 οῦ
1043 1015 1087 1106 μή
1110 1011 1268 1105 ὀνομάσω
1290 1014 1332 1086 τό
1352 1008 1461 1103 ὄνομα
1475 1023 1603 1103 κυρίου,

292 1123 348 1187 καὶ
370 1112 412 1187 οῦ
432 1115 477 1205 μή
501 1113 639 1206 λαλήσω
663 1118 746 1206 <έτι>
768 1119 824 1188 έπί
844 1123 896 1206 τῷ
920 1113 1064 1204 ὀνόματι
1085 1112 1220 1186 αῦτοῦι.

375 1210 469 1285 Ἀλλ’
491 1219 545 1287 ἐπὶ
567 1215 684 1304 τούτῳ
708 1213 838 1304 ἀγαθός
858 1216 974 1308 κύριος
989 1214 1009 1290 δ
1023 1213 1167 1286 κωλύων
1187 1211 1250 1296 τὰς
1265 1211 1427 1297 τοιαύτας
1441 1210 1606 1303 άμαρτίας

293 1321 368 1387 τῶν
395 1314 618 1404 τηλικούτων.
662 1311 724 1388 οῦκ
745 1313 856 1406 άφήκε
883 1317 946 1391 τὸν
972 1311 1156 1405 προφήτην
1182 1309 1368 1403 ἀληθεῦσαι
1394 1309 1535 1385 εἰπόντα
1561 1313 1605 1385 τὰ

293 1422 509 1504 προκείμενα,
532 1411 620 1486 ἀλλὰ
640 1423 697 1486 καί
719 1421 755 1488 ἐν
778 1416 892 1507 τούτῳ
916 1413 1058 1489 άθεσίαν
1079 1418 1342 1486 ἐπικαλέσασθαι
1362 1421 1418 1482 καὶ
1441 1409 1605 1503 ἀθετῆσαι

243 1530 276 1584 10
294 1512 336 1584 τό
362 1515 540 1603 εἰρημένον
570 1522 756 1604 πεποίηκεν
780 1511 942 1606 Ἱερεμίαν.
992 1517 1064 1586 είκε
1094 1517 1156 1602 μὲν
1182 1509 1258 1601 γάρ·
1290 1508 1349 1584 »οῦ
1374 1511 1419 1602 μή
1447 1507 1604 1602 ὀνομάσω

295 1613 357 1698 [ἔτι
377 1616 435 1683 ἐπὶ
457 1618 523 1682 τοῦι
544 1607 700 1702 όνόματι]
723 1613 781 1703 (τὸ
807 1607 930 1704 όνομα>
952 1621 1084 1701 κυρίου,
1110 1617 1166 1684 καὶ
1189 1609 1230 1684 οῦ
1250 1611 1295 1702 μή
1318 1609 1456 1702 λαλήσω
1478 1613 1528 1682 έτι
1549 1617 1605 1684 ἐπὶ

295 1717 346 1800 τῷ
369 1705 515 1800 ὀνόματι
534 1708 670 1784 αδτοῦι.
716 1718 885 1802 »ἐγένετοτ
910 1718 948 1784 δέ
968 1736 1072 1803 φησιν
1096 1715 1152 1782 »έν
1174 1718 1217 1800 τή
1238 1717 1359 1803 καρδίᾳ
1379 1740 1446 1801 μου
1467 1708 1515 1795 ὦς
1536 1717 1603 1798 πῦρ

293 1805 491 1898 καιόμενον,
520 1807 732 1902 φλεγόμενον
758 1817 796 1884 έν
815 1831 889 1896 τοῖς
911 1807 1042 1895 ὀστέοις
1063 1839 1141 1900 μου,
1167 1817 1224 1881 καί
1245 1830 1405 1901 παρειμαι
1425 1809 1604 1883 πάντοθεν

292 1916 350 1980 καί
377 1906 419 1980 οῦ
444 1908 587 1999 δῦναμαι
614 1917 758 2002 φέρεινι.
794 1906 813 1982 ό
836 1908 938 2002 λόγος
960 1907 980 1984 ό
1001 1917 1066 1982 τοῦ
1091 1919 1210 1999 κυρίου
1231 1915 1348 2000 γέγονε
1369 1919 1478 1982 καίων
1498 1906 1606 1984 αῦτοῦ

243 2027 276 2080 15
294 2007 359 2098 τήν
390 2015 541 2098 καρδίαν.
587 2019 661 2083 »καί
686 2017 820 2101 ἐγένετο
843 2016 913 2100 (ἐν)
935 2018 978 2102 τῇ
999 2017 1119 2104 καρδίᾳ
1141 2039 1207 2098 μου
1228 2009 1277 2095 σός
1297 2017 1365 2098 πῦρ
1388 2009 1606 2100 φλεγόμενον,

293 2105 476 2198 καιόμενον
498 2114 535 2182 έν
557 2130 631 2196 τοῖς
653 2106 783 2194 ὀστέοις
804 2138 897 2201 μουι.
928 2110 1075 2199 άπέβαλε
1098 2108 1163 2201 τήν
1182 2106 1349 2200 ἁμαρτίαν
1364 2107 1407 2200 ήν
1421 2115 1606 2199 πεποίηκεν

295 2208 415 2281 εἰπόν·
440 2205 499 2282 »οῦ
519 2207 564 2299 μή
588 2204 747 2300 ὀνομάσω
769 2209 811 2282 τό
834 2204 943 2302 όνομα
964 2219 1092 2303 κυρίου,
1114 2205 1233 2282 καλοῦ
1254 2207 1299 2298 μή
1322 2206 1461 2298 λαλήσω
1484 2213 1539 2279 ἐπὶ
1553 2214 1604 2298 τῷ

295 2303 437 2395 όνόματι
462 2305 568 2380 αὐτοῦ
590 2311 676 2393 έτιι,
703 2317 759 2382 καί
781 2307 926 2394 άπέβαλε
949 2310 1014 2402 τήν
1036 2307 1204 2401 ἁμαρτίαν
1224 2303 1378 2399 Ἱερεμίας
1399 2301 1466 2393 όμα
1488 2314 1539 2397 τῷ
1563 2313 1605 2378 εί-

293 2424 379 2478 πεῑν.
422 2412 495 2480 είθε
520 2404 629 2496 κάγοό,
658 2401 725 2497 άμα
746 2416 799 2500 τῷ
821 2406 1011 2502 άμαρτήσαι
1031 2416 1087 2482 καί
1108 2411 1216 2482 είπείν
1238 2403 1342 2496 λόγον
1363 2401 1605 2495 ἁμαρτητικόν,

242 2511 277 2570 20
294 2502 494 2596 ᾐσθανόμην
522 2500 577 2579 ότι
602 2513 732 2596 »γέγονε
757 2515 825 2596 πῦρ
850 2513 887 2580 έν
909 2517 953 2599 τή
974 2515 1095 2600 καρδίᾳ
1116 2536 1183 2596 μου
1203 2504 1385 2597 καιόμενον
1406 2512 1462 2578 καί
1484 2502 1605 2595 φλεγό-

293 2633 397 2694 μενον
419 2603 508 2678 οόστε
531 2634 570 2694 με
592 2605 826 2696 μὴδύνασθαι
849 2615 982 2696 φέρεινε

377 2711 503 2778 Μέλλει
526 2700 594 2776 τιό
611 2702 713 2795 λόγος
734 2712 874 2796 τολμᾶν,
898 2705 960 2780 οῦκ
983 2709 1059 2779 οίδα
1080 2710 1117 2777 δὲ
1138 2712 1168 2778 εί
1189 2712 1361 2794 συμφέρον
1382 2713 1434 2795 τῷ
1456 2702 1606 2796 τοιοῦτῳ

294 2800 512 2896 ἀκροατηρίῳ
539 2811 595 2876 καί
626 2805 808 2878 τοιοότωι·
839 2811 951 2898 εἴρηκέ
975 2833 1010 2878 τι
1038 2807 1123 2878 είναι
1151 2807 1240 2890 είδος
1265 2802 1385 2895 πυρός,
1411 2802 1520 2896 πυρός
1545 2801 1607 2877 οῦκ

185 2976 187 2979 .
293 2909 476 2994 αἰσθητοῦ,
503 2901 714 2991 κολάζοντος
738 2903 803 2977 τὸν
828 2904 1056 2996 κολαζόμενον
1081 2912 1133 2996 τῷ
1160 2902 1259 2995 πόνῳ
1287 2911 1334 2988 είς
1359 2902 1468 2996 τὸμὴ
1490 2909 1606 2992 φέρειν

242 3017 275 3074 25
295 2998 409 3074 αῦτόν.
459 3003 532 3076 εἰπε
557 3001 635 3094 γάρ·
665 3007 816 3094 »ἐγένετο
842 3011 880 3077 έν
906 3014 950 3096 τῇ
975 3011 1095 3097 καρδίᾳ
1121 3033 1188 3096 μου
1214 3002 1262 3088 τός
1283 3011 1352 3093 πῦρ
1375 3002 1603 3094 φλεγόμενονι

292 3109 349 3172 καί
382 3100 600 3193 »καιόμενονι
635 3101 698 3174 οῦκ
728 3109 765 3176 έν
794 3111 838 3194 τῇ
867 3110 988 3196 καρδίᾳ
1017 3134 1084 3195 μου
1115 3103 1223 3194 μόνον
1253 3099 1341 3176 άλλδι
1369 3110 1425 3176 καί
1454 3108 1509 3174 »έν
1535 3121 1607 3186 τοίς

294 3196 425 3285 όστέοις
453 3231 528 3292 μου,
550 3210 607 3274 καί
634 3223 794 3294 παρεῖμαι
822 3201 1003 3277 πάντοθεν
1031 3211 1088 3276 καί
1114 3201 1156 3275 οῦ
1180 3202 1323 3292 δύναμαι
1349 3209 1494 3292 φέρεινι.
1540 3204 1606 3293 ίγδτ

206 3311 275 3368 324τ
293 3309 462 3392 φοβοῦμαι
483 3303 528 3393 μή
547 3299 709 3376 τοιοῦτόν
730 3307 801 3374 ἐστι
822 3301 864 3376 τὸ
887 3301 1111 3393 ἀποκείμενον
1130 3300 1220 3394 ἡμῖν,
1237 3309 1305 3393 πῦρ
1322 3297 1513 3392 γινόμενον,
1534 3309 1538 3390 Ι
1559 3298 1606 3384 ιῦς

293 3406 330 3472 έν
351 3408 394 3491 τή
415 3407 536 3495 καρδίᾳ
558 3408 699 3491 γέγονεν
719 3399 883 3493 Ἱερεμίου.
919 3400 961 3476 ου’
981 3400 1205 3494 πεπόνθαμεν
1227 3410 1264 3476 δὲ
1286 3397 1379 3474 αῦτό.
1417 3406 1446 3472 εί
1466 3398 1607 3472 ἐπεπόν-

240 3511 275 3567 30
293 3512 408 3590 θειμεν
424 3507 541 3586 τοῦτο,
559 3508 616 3573 καί
637 3507 816 3590 προέκειτο
832 3503 876 3576 τά
891 3503 951 3576 δόο
967 3499 1066 3592 πυρά,
1082 3508 1188 3576 τοῦτο
1203 3503 1245 3576 τό
1259 3509 1328 3592 πῦρ
1343 3508 1400 3574 καὶ
1417 3499 1458 3572 τό
1475 3503 1607 3588 ἔξωθεν

292 3606 360 3692 πῦρ
376 3593 394 3671 ό
410 3605 579 3690 βλέπομεν
600 3607 656 3674 ἐπὶ
678 3611 753 3675 τῶν
773 3609 965 3692 καιομένων
986 3600 1053 3675 όπὸ
1076 3611 1150 3676 τῶν
1172 3600 1372 3695 ἡγουμένων
1389 3608 1465 3673 τῶν
1479 3605 1605 3685 ἐθνῶν,

292 3694 454 3788 είλόμεθα
482 3695 525 3772 άν
550 3706 660 3774 έκεῖνο
687 3711 818 3791 μᾶλλον
844 3701 886 3775 τό
913 3709 980 3792 πῦρ
1002 3699 1024 3791 ή
1046 3709 1161 3776 τοῦτο.
1208 3707 1316 3775 έκεῖνο
1342 3709 1404 3792 μέν
1430 3699 1495 3790 γὰρ
1520 3709 1607 3773 καίει

294 3798 358 3890 τήν
379 3796 592 3888 ἐπιφάνειαν,
618 3808 722 3873 τοῦτο
746 3807 782 3874 δὲ
802 3810 889 3874 καίει
911 3801 976 3892 τήν
997 3811 1149 3893 καρδίαν,
1171 3811 1227 3874 καί
1248 3799 1438 3892 α’ρξάμενον
1458 3797 1527 3874 άπό
1545 3805 1606 3891 τῆς

377 4011 397 4067 2
415 4010 480 4082 vgl.
499 4012 687 4082 Βοττιεωειια,
709 4013 742 4068 In
758 4013 954 4084 investiganda
970 4015 1150 4070 monachatus
1168 4011 1276 4084 origine
1293 4015 1345 4068 οίο.
1364 4013 1519 4085 Θοίείορεε
1537 4013 1604 4070 1885

292 4095 318 4149 8.
336 4097 377 4152 35.
395 4127 428 4136 -
447 4095 519 4154 ⁸21.
538 4095 603 4168 Vgl.
621 4097 721 4154 Μείθι
740 4101 781 4166 10,
799 4097 833 4154 88
855 4097 925 4154 Ιαιίτ.
944 4099 985 4168 12,
1003 4101 1028 4155 4„
1045 4099 1081 4156 5?

376 4279 394 4334 2
412 4281 461 4335 καί
483 4275 514 4336 έν
537 4277 705 4353 πράγμασιν
728 4281 772 4337 Gh
788 4279 907 4352 μισητδς
924 4283 1017 4351 0018
1039 4280 1090 4339 τὸν
1107 4283 1197 4354 λόγον
1215 4285 1260 4340 Gh
1276 4289 1337 4340 τῶν
1354 4283 1442 4354 λόγον
1459 4282 1477 4336 8
1492 4285 1497 4352 Ι
1512 4281 1532 4339 4
1548 4282 1605 4351 καί]

288 4371 322 4428 -Ι-
340 4363 390 4434 τήν
408 4363 448 4420 Οο
468 4367 471 4432 Ι
491 4363 509 4419 θ
531 4358 572 4421 ἔτι
590 4366 629 4422 Lo
649 4367 654 4434 1
677 4367 692 4423 7
717 4361 830 4436 ἀγαθός
846 4365 954 4440 κύριος]
973 4361 1013 4433 ὡς
1031 4363 1144 4440 ἀγαθός
1162 4367 1179 4424 δ
1196 4365 1267 4435 θεὸς
1284 4367 1305 4423 0
1321 4371 1325 4438 Ι
1342 4369 1379 4436 11
1403 4366 1437 4424 τδ
1455 4361 1548 4435 ὄνομα
1567 4365 1605 4420 co

289 4447 356 4518 (ng
369 4449 423 4514 (ih)
442 4451 523 4504 είείίι
542 4443 583 4506 ἔτι
602 4447 650 4506 έκί
664 4455 704 4524 τῷ
723 4447 844 4519 ὀνόματι
861 4451 878 4506 S
897 4451 1092 4521 (Εωευῦαίῦοιι
1111 4469 1144 4508 τε
1161 4452 1188 4508 Ζ.
1202 4455 1219 4510 6
1236 4453 1323 4523 Diels)
1337 4456 1344 4526 Ι
1360 4455 1397 4512 Ῑῦ
1413 4449 1444 4510 έν
1462 4451 1506 4522 τῇ]
1524 4451 1541 4520 ή
1560 4449 1577 4504 8
1599 4449 1604 4517 Ι

289 4533 325 4588 18
342 4529 468 4606 ἀπέβαλε
485 4533 565 4588 Blae·
582 4529 707 4607 ὑπέβαλε
725 4536 742 4591 8
758 4538 763 4604 Ι
779 4535 818 4594 18
831 4531 957 4609 ἀπέβαλε
969 4536 1007 4592 V²
1020 4555 1045 4595 ε.
1058 4537 1088 4592 R.
1102 4537 1140 4593 Go
1153 4535 1278 4613 ἀπέλαβε
1296 4539 1389 4608 8128
1406 4537 1455 4595 καί
1471 4533 1606 4592 τοιοῦτωι

287 4617 403 4672 είιτείοίιί
423 4618 466 4672 Gh
481 4619 486 4686 Ι
505 4617 547 4674 24
567 4623 608 4690 τῷ
625 4617 716 4694 πόνῳ]
737 4627 790 4677 τοῦ
806 4617 898 4676 κδνου
915 4620 933 4676 S
949 4618 1070 4697 τοιούτῳ
1087 4621 1169 4699 πόνῳ
1187 4623 1239 4680 oh.
