3702 5540
643 473 764 530 Homilie
781 473 829 528 IV.
863 473 963 530 δεύεαι.
981 474 1005 538 3,
1023 474 1116 529 6-11.
1492 479 1531 542 29

222 645 277 710 καί
304 641 544 726 ἐκβεβλημένοι
569 643 625 709 καὶ
650 633 788 709 κολάσει
812 643 1089 727 παραδεδομένοι.
1132 637 1205 707 εἶτα
1229 636 1355 725 μαθών
1377 643 1455 708 τίνα
1476 664 1533 707 πε-

221 734 405 828 ποιήκασιν
432 740 465 808 οἱ
493 731 656 827 πρότεροι
683 742 800 810 δοῦλοι
824 744 881 809 καὶ
908 730 1178 826 εύδοκιμηκότες,
1204 742 1260 807 καὶ
1286 739 1342 806 ἐπὶ
1362 754 1535 820 ποταποῖς

136 855 205 910 222ῖ
224 842 416 924 ἐλευθερίας
434 843 439 924 Ι
458 833 669 926 τετυχήκασι,
693 847 791 926 ζηλοῖ
810 842 966 920 ἐκείνους.
1004 843 1059 908 καὶ
1082 831 1174 925 ἡμεῖς
1189 841 1224 906 δὲ
1240 830 1302 907 οῦκ
1317 826 1402 924 ἦμεν
1417 841 1534 908 δοῦλοι

225 943 288 1008 τοῦ
313 941 414 1022 θεοῦ,
441 932 528 1008 άλλά
556 936 712 1008 εἰδώλων
737 940 795 1008 καί
821 933 1008 1028 δαιμόνων,
1035 940 1182 1020 ἐθνικοί,
1209 938 1306 1022 ἐχθὲς
1331 940 1386 1006 καὶ
1413 936 1534 1025 πρώην

191 1035 529 1126 ἐπροσεληλῦθαμεν
555 1042 607 1126 τῷ
633 1042 722 1126 θεῷ,
754 1032 1042 1127 ἀναγινώσκομεν
1068 1034 1134 1125 τὴν
1160 1031 1309 1125 γραφήν,
1336 1040 1461 1125 ίδωμεν
1483 1042 1534 1119 τίς

225 1137 418 1225 ἐδικαιώθη,
434 1142 486 1218 τίς
496 1133 735 1224 κατεδικάοθη,
750 1135 974 1226 μιμησώμεθα
985 1135 1066 1218 τούς
1081 1141 1339 1220 δικαιωθέντας,
1355 1137 1551 1222 ψυλασσώ·,

224 1247 314 1326 μεθα
329 1253 523 1324 περιπεσεῖν
538 1232 685 1321 τούτοις,
707 1233 1073 1326 οίς-περιπεπτώκασιν
1088 1239 1121 1306 οί
1135 1240 1480 1324 αἰχμαλωτευθέντες,
1502 1238 1535 1305 οἱ
1556 1293 1559 1302 .

226 1341 449 1426 ἐκβληθέντες
471 1333 539 1407 άπὸ
561 1340 625 1407 τοῦ
642 1341 735 1408 θεοῦ.

307 1447 335 1508 6.
368 1441 454 1507 »Καὶ
484 1431 546 1506 οῦκ
584 1430 740 1524 ἐφοβήθη
771 1429 793 1524 ἦ
824 1431 1012 1518 άσύνθετος
1041 1429 1159 1519 Ἰούδα,
1192 1440 1248 1506 καί
1278 1431 1448 1523 ἐπορεύθη
1479 1439 1535 1504 καί

174 1546 208 1601 10
224 1530 430 1624 ἐπόρνευσεν
455 1541 512 1606 καὶ
538 1530 653 1624 αύτήε.
696 1530 867 1623 πρότερον
893 1532 1146 1622 πορνεύσαντος
1167 1539 1231 1605 τοῦ
1256 1529 1382 1624 Ἰσραὴλ
1408 1529 1535 1622 πεπόρ·

224 1663 343 1708 νευκεν
364 1627 509 1723 ῦστερον
530 1643 587 1706 καὶ
600 1631 731 1717 Ἰούδας.
770 1641 843 1705 »καί
866 1637 1000 1722 ἐγένετο
1023 1640 1070 1717 είς
1094 1630 1193 1705 οῦδὲν
1218 1628 1239 1722 ἡ
1261 1640 1404 1722 πορνεία
1419 1628 1534 1721 αύτῦγς,

223 1741 279 1807 καὶ
306 1737 474 1825 ἐμοίχευσε
500 1732 541 1806 τὸ
569 1731 673 1820 ξύλον
699 1739 755 1805 καὶ
782 1731 846 1806 τὸν
867 1741 999 1805 λίθονι.
1036 1727 1122 1805 ὅταν
1143 1728 1404 1822 άμαρτάνωμεν,
1435 1727 1535 1804 ούδέν

225 1832 311 1906 ἄλλο
332 1837 497 1923 ποιοῦμεν
512 1829 535 1922 ἢ
550 1830 765 1923 λιθοκάρδιοι
781 1829 954 1922 γινόμενοι
968 1832 1166 1924 μοιχεύομεν
1184 1831 1265 1907 »τόν
1280 1841 1412 1907 λίθονι.
1449 1825 1535 1904 ὅταν

225 1928 472 2023 ἁμαρτάνομεν
501 1940 557 2004 καὶ
584 1931 804 2022 πορνεύωμεν
836 1928 1019 2005 »ῦποκάτω
1041 1933 1173 2017 παντὸς
1195 1933 1298 2020 ξύλου
1320 1931 1534 2022 άλσώΙΙδουςι,
1572 1945 1605 1998 47

141 2039 148 2046 ’
174 2043 207 2097 15
225 2039 281 2104 καὶ
306 2028 400 2123 ἡμεῖς
426 2031 625 2122 μοιχεύομεν
655 2031 714 2105 »τὸ
741 2030 874 2120 ξύλονι.
925 2038 998 2104 »καὶ
1026 2029 1088 2104 ούκ
1113 2031 1308 2123 ἐπεστράφη
1334 2028 1421 2122 πρός
1447 2061 1486 2122 με
1514 2026 1536 2120 ἡ

226 2129 415 2215 άσύνθετος
436 2128 540 2204 Ἰούδα
569 2135 606 2220 ἐξ
636 2124 720 2222 ὅλης
752 2137 814 2222 τῆς
842 2137 981 2222 καρδίας
1012 2129 1118 2223 αύτῆς
1144 2126 1218 2206 ἀλλ’
1241 2138 1296 2204 ἐπὶ
1317 2130 1462 2221 ψεύδειι.
1505 2137 1535 2202 εί

225 2236 477 2320 ἐπεστρέψαμεν
503 2231 591 2322 πρὸς
617 2229 789 2304 τὸνθεόν
817 2235 966 2316 ἐλλιπῶς
989 2237 1037 2318 δέ,
1070 2230 1303 2323 ἐγκαλούμεθα
1326 2229 1374 2316 ῶς
1397 2227 1458 2303 ούκ
1482 2235 1536 2316 »ἐξ

226 2325 308 2420 ὅλης
333 2337 395 2420 τῆς
421 2337 576 2420 καρδίας(
602 2335 876 2421 ἐπιστρέψαντες.
920 2331 972 2404 διὸ
998 2329 1078 2404 »οῦκ
1108 2331 1320 2423 <ἐπεστράφη
1342 2326 1428 2420 πρός
1453 2359 1492 2421 με
1514 2325 1535 2419 ἡ

227 2429 416 2513 άσύνθετος
437 2425 540 2502 Ἰούδα
566 2434 602 2516 ἐξ
627 2426 709 2520 ὅλης
735 2436 797 2520 τῆς
824 2438 963 2520 καρδίας
990 2429 1124 2521 αύτῆςι.
1160 2429 1237 2522 ούκ>
1261 2434 1366 2504 εἶπεν·
1396 2438 1452 2502 καὶ
1473 2425 1536 2500 ούκ

174 2536 209 2594 20
227 2536 433 2620 ἐπέστρεψεν
456 2525 476 2618 ἡ
499 2526 689 2614 άσύνθετος
710 2526 827 2616 Ἰούδα,
849 2538 906 2603 καὶ
927 2534 1016 2622 ἐστη,
1040 2529 1140 2605 άλλά·
1165 2539 1237 2604 »καί
1259 2529 1321 2604 οῦκ
1341 2528 1536 2619 ἐπεστράφη

227 2627 313 2720 πρός
342 2659 383 2722 με
408 2625 429 2720 ἡ
458 2626 648 2713 άσύνθετος
676 2623 781 2701 Ἰούδα
807 2634 843 2717 ἐξ
870 2623 953 2720 ὅλης
978 2637 1041 2721 τῆς
1064 2637 1205 2720 καρδίας
1230 2627 1349 2719 αύτῆς,
1380 2625 1459 2703 ἄλλ’
1481 2633 1536 2700 ἐπὶ

228 2728 362 2818 ψεύδεα
393 2733 609 2818 ἐπέστρεψεν.
652 2725 674 2818 ἡ
700 2721 763 2802 οῦν
786 2727 928 2819 άληθῶς
950 2729 1138 2821 ἐπιστροφή
1160 2735 1253 2804 ἐστιν
1276 2728 1472 2821 άναγνῶναι
1493 2726 1536 2799 τά

227 2825 370 2914 παλαιά,
403 2833 525 2901 εἰδέναι
547 2829 629 2912 τοῦς
651 2835 914 2915 δικαιωθέντας,
943 2828 1149 2921 μιμήσασθαι
1171 2827 1308 2916 αύτούς,
1341 2827 1538 2918 άναγνῶναι

227 2935 348 3014 ἐκεῖνα,
370 2934 455 3001 ίδεῖν
476 2928 558 3012 τούς
578 2935 808 3018 μεμφθέντας,
832 2925 1049 3017 φυλάξασθαι
1070 2948 1263 3020 περιπεσεῖν
1285 2949 1359 3013 ταῖς
1373 2936 1537 3021 μέμψεσιν

175 3039 210 3096 25
228 3033 381 3112 ἐκείναις,
405 3024 602 3118 ἀναγνῶναι
622 3027 666 3100 τὰ
687 3035 797 3115 βιβλία
819 3034 882 3118 τῆς
902 3036 1021 3120 καινῆς
1043 3027 1217 3120 διαθήκης,
1239 3037 1314 3103 τῶν
1330 3025 1537 3102 άποστόλων

228 3128 310 3212 τούς
330 3122 467 3216 λόγους,
498 3127 582 3218 μετὰ
605 3127 646 3200 τό
670 3125 866 3216 ἀναγνῶναι
887 3125 1014 3219 γράψαι
1036 3135 1145 3202 ταῦτα
1166 3127 1281 3202 πάντα
1303 3135 1352 3213 είς
1372 3128 1438 3219 τὴν
1459 3157 1537 3217 καρ·

230 3234 319 3312 δίαν,
351 3233 471 3313 βιῶσαι
496 3223 571 3299 κατ’
599 3223 700 3313 αύτά,
731 3229 787 3300 ίνα
813 3227 858 3318 μὴ
879 3235 935 3300 καὶ
957 3225 1036 3319 ἡμῖν
1058 3235 1146 3319 δοθῇ
1167 3237 1298 3315 βιβλίον
1320 3227 1538 3310 ἀποστασίου,

230 3324 317 3399 άλλά
343 3333 546 3416 δυνηθῶμεν
572 3322 668 3417 ἥκειν
694 3331 749 3398 ἐπὶ
776 3326 841 3418 τὴν
866 3337 1096 3419 κληρονομίαν
1121 3328 1187 3418 τὴν
1209 3324 1316 3418 άγίαν,
1344 3334 1432 3417 <καί>
1453 3326 1538 3418 μετὰ

230 3432 295 3499 τοῦ
315 3424 544 3516 πληρώματος
566 3433 641 3498 τῶν
663 3431 781 3499 ἐθνῶν
803 3434 980 3510 σωθέντος
1002 3434 1135 3518 δυνηθῇ
1157 3425 1238 3502 τότε
1261 3424 1420 3518 άἸσραηλ
1438 3433 1538 3500 είσελ-

177 3537 212 3592 30
230 3537 319 3600 θεῖν·
349 3525 421 3598 »ἐὰν
448 3525 510 3616 γὰρ
535 3526 577 3598 τὸ
605 3521 772 3616 πλήρωμα
798 3533 873 3598 τῶν
899 3531 1017 3600 ἐθνῶν
1038 3534 1188 3618 είσέλθη,
1220 3524 1300 3601 τότε
1322 3535 1390 3612 πᾶς
1410 3525 1538 3617 Ἰσραὴλ

315 3671 354 3726 εο
372 3669 437 3741 veh
449 3672 526 3727 Rom.
539 3674 580 3741 11,
592 3673 634 3730 τε.
652 3671 693 3728 εσ.

313 3790 359 3856 4Ιδ
376 3785 600 3864 ἐθνικοί-θεῷ]
617 3795 642 3844 εί
656 3795 752 3859 postea
768 3807 801 3846 ωε
810 3790 936 3858 mutibus
947 3791 1104 3860 αοκμτιμαῖέ
1114 3792 1279 3847 oredimus
1290 3791 1324 3846 in
1340 3791 1482 3847 δλτίεῖακι
1494 3792 1519 3846 Η
1533 3793 1537 3862 Ι

272 3868 515 3944 ἀναγινώσκομεν
539 3874 581 3928 Ru
608 3874 729 3943 ίιμαεκυε
751 3875 777 3929 Η
800 3872 1034 3946 ἀναγινώσκομεν
1056 3876 1074 3930 S
1098 3877 1103 3944 Ι
1126 3876 1145 3932 8
1168 3873 1237 3947 ἀπὸ]
1258 3878 1289 3931 de
1306 3876 1469 3931 haereditate
1485 3877 1512 3930 H
1534 3877 1538 3945 Ι

232 3957 272 4012 Ῑθ
291 3957 342 4012 καί
366 3953 436 4028 αῦτη
453 3957 499 4012 Ηα
515 3959 620 4026 etipsa
637 3959 663 4013 H
680 3953 765 4028 έαυτη
782 3959 800 4014 S
818 3961 867 4015 καί
884 3957 954 4030 αὐτῇ
972 3959 1010 4015 co
1034 3962 1038 4029 Ι
1062 3959 1099 4016 14
1116 3961 1295 4035 πορνεύομεν
1312 3962 1355 4016 Ru
1377 3961 1383 4027 Ι
1408 3962 1445 4017 15
1463 3961 1538 4031 zan]

230 4047 263 4104 -Ι-
284 4041 318 4094 εἴη
342 4041 387 4094 his
413 4041 540 4096 omnibus
562 4043 600 4108 H,
626 4043 769 4099 vielleioht
794 4043 896 4115 riohtig
918 4045 922 4114 Ι
947 4045 1035 4112 18Ι19
1063 4041 1321 4118 ἐπεστράφη-οῦκ
1342 4046 1415 4101 nach
1435 4047 1474 4101 H:
1501 4050 1538 4099 ιεί

231 4143 357 4180 conversa
378 4127 416 4181 αδ
436 4143 480 4180 κτα
497 4128 720 4195 μναονανίααῖικω
740 4128 814 4184 δαείω
835 4146 867 4183 ωε
888 4133 940 4182 ίοῖο
958 4129 1035 4183 corde
1051 4146 1101 4182 εειο
1119 4129 1202 4200 (vall.
1219 4137 1251 4194 -Ι-
1267 4131 1314 4184 καί
1330 4132 1362 4184 δα
1378 4131 1537 4198 mendacio).

231 4209 323 4278 Neque
347 4225 408 4263 voro
432 4211 437 4277 Ι
460 4211 502 4267 20
528 4207 712 4286 ἐπέστρεψεν]
737 4217 776 4266 est
802 4229 931 4267 αωινενεο
956 4213 992 4267 ad
1016 4230 1059 4267 me
1084 4212 1111 4267 Η
1133 4213 1137 4280 1
1162 4207 1237 4284 ἐοτη]
1263 4215 1349 4269 tacuit
1374 4215 1400 4268 H
1427 4211 1538 4286 ἐσίγησε

177 4333 181 4340 .
230 4293 282 4356 Ηα,
306 4293 377 4349 doch
399 4294 455 4364 ng
472 4314 494 4351 κ.
506 4296 538 4351 Β.
553 4296 584 4350 in
601 4297 700 4352 Matth.
718 4297 795 4353 Tom.
808 4300 849 4363 10,
862 4300 895 4354 19
912 4297 961 4368 (Lo
973 4298 998 4362 3,
1012 4299 1069 4364 53Ιι
1086 4300 1136 4353 καί
1153 4292 1217 4368 ἐστη
1242 4300 1246 4366 Ι
1269 4299 1308 4355 22
1326 4296 1539 4372 ἐπέστρεψεν-

231 4374 386 4452 ἐπιστροφή
421 4376 506 4450 ἐστιν]
540 4385 571 4435 αῖ
605 4383 751 4436 ostenderet
784 4399 828 4436 οοε
858 4382 909 4451 ηαδ
940 4386 1144 4450 ωκοονίτιαίατ,
1179 4383 1213 4436 in
1240 4383 1393 4450 οεοκιίαυίο,
1422 4400 1479 4437 mm
1507 4385 1540 4438 εἰε

231 4464 341 4516 veritate
358 4465 478 4518 αοκοετῖι·
493 4465 520 4519 H
534 4467 538 4534 Ι
555 4465 644 4533 22128
661 4464 697 4522 τὰ
716 4465 834 4536 παλαιὰ]
853 4467 949 4521 veteris
971 4468 1132 4521 Ίέεῖοννωιῖί
1147 4468 1279 4521 historias
1296 4473 1321 4520 et
1333 4467 1480 4536 prophetas
1493 4470 1519 4524 H
1533 4471 1535 4538 Ι

232 4545 321 4614 25Ι26
348 4545 539 4619 τοὶ-λόγους]
562 4549 715 4619 Ενακηείδα
741 4557 765 4604 et
790 4568 869 4605 omne
890 4569 992 4605 novum
1017 4551 1220 4606 Ἰέεῖοωωιῖιιηι.
1260 4551 1396 4617 Ιιεμαεαιιε
1423 4555 1540 4622 apostoli

231 4630 317 4684 Ροιιίί
333 4629 473 4700 λίμτῗεῖοίαε
490 4635 635 4690 universas
655 4634 679 4690 Η
695 4637 699 4703 Ι
714 4636 752 4694 27
772 4637 811 4704 μιΙ
829 4636 1002 4706 fibergeaohr.
1021 4637 1126 4705 81128
1144 4637 1194 4691 καί
1210 4636 1261 4691 mit
1278 4636 1315 4691 H:
1333 4641 1366 4690 οῖ.
