3658 5566
316 471 376 532 276
710 459 848 530 Origenee’
867 459 1223 531 Klagelioderkommentar.

314 621 394 696 καθ’
417 621 521 715 ήμῶν.
564 641 681 696 νοοῖτο
704 619 737 695 δ’
754 619 797 694 ἀν
818 631 874 694 καί
895 631 971 710 περὶ
993 631 1066 696 τῶν
1088 621 1297 697 ἀποστόλων
1318 616 1369 696 ών
1390 619 1621 715 »ἀνεκαινίσθη

314 721 362 808 ῶς
384 721 485 798 ἀετοῦ
506 719 527 814 ῆ
547 719 686 814 νεότης.

670 919 726 985 Nr.
749 919 859 988 CXVI.
902 919 1025 1004 Klagel
1039 918 1061 984 J
1063 941 1155 986 erem.
1171 926 1199 1000 4,
1213 925 1262 987 20.

399 1071 490 1151 Τινὲς
517 1069 647 1154 έφασαν
673 1062 721 1148 ώς
746 1069 784 1136 έν
811 1085 882 1148 τοῖς
909 1069 1091 1153 ἐξαιρέτοις
1118 1071 1381 1154 διαφανέστερσν
1405 1062 1468 1135 τὸν
1489 1061 1619 1136 Ἰωσίαν

277 1173 448 1254 ῡθρηνεῖ·
481 1161 627 1254 ἤλπιζον
655 1165 719 1253 γὰρ
750 1165 803 1236 διὰ
834 1169 896 1254 τῆς
927 1161 1033 1236 αύτοῦ
1064 1171 1256 1251 θεοσεβείας
1286 1157 1521 1252 ἀνασταθῆναι
1552 1163 1618 1253 τῆν

308 1259 518 1356 Ἰερουσαλήμ
545 1271 582 1338 έν
604 1271 695 1355 μέσῳ
716 1269 833 1336 ἐθνῶν
854 1267 901 1346 είς
923 1261 1038 1352 δόξαν,
1061 1269 1100 1336 έν
1124 1271 1215 1354 μέσῳ
1238 1261 1301 1352 γὰρ
1323 1267 1440 1335 ίθνών
1463 1260 1484 1353 ή
1504 1259 1617 1354 Ἰερου-

309 1361 425 1454 σαλῆμ.
468 1365 576 1448 τύπος
598 1371 633 1435 δέ
659 1356 775 1448 οὗτος,
802 1371 897 1452 φασί,
921 1369 1079 1452 Χριστοῦ,
1106 1364 1160 1436 διὰ
1187 1360 1248 1444 τὰς
1274 1359 1415 1452 ἀνομίας
1437 1364 1617 1453 τεθνηκώς

309 1469 372 1534 τοῦ
393 1471 486 1536 λαοῦ.
526 1473 638 1536 καίτοι
657 1461 720 1537 οῦκ
741 1469 783 1538 έν
806 1481 892 1546 ταῖς
914 1469 977 1535 τοῦ
991 1470 1077 1536 λαοῦ
1098 1459 1334 1553 συνελήφθη
1356 1470 1615 1551 διαφθοραῖς.

309 1559 382 1633 ἀλλ’
405 1560 454 1646 ῶς
480 1561 774 1655 ἀπαγορεύσαντος
800 1570 864 1636 τσῦ
888 1561 1072 1654 προφήτου
1097 1561 1308 1652 συναντήσας
1331 1563 1453 1651 Νεχαῶ
1479 1563 1614 1648 Φαραώ,

258 1679 290 1730 1ο
306 1672 426 1753 καίπερ
449 1663 534 1752 πρὸς
561 1661 668 1736 αὐτὸν
690 1661 752 1736 οῦκ
772 1668 931 1735 ἐθέλοντι
950 1667 1164 1752 μαχέσασθαι.
1199 1660 1287 1734 κατὰ
1308 1671 1426 1734 τοίνυν
1440 1659 1503 1733 τὸν
1518 1672 1616 1733 θεῖον

306 1761 503 1836 ἀπόστολον
524 1759 690 1852 »κάλυμμα
713 1769 763 1854 τῷ
787 1763 963 1851 προσώπῳ
987 1769 1059 1833 τῶν
1080 1757 1252 1834 Ἰουδαίων
1273 1765 1440 1833 ίπίκειται
1459 1767 1615 1843 Μωσέως

308 1859 636 1952 άναγινωσκομένου·
666 1861 727 1934 ἐὰν
758 1869 793 1934 δὲ
826 1866 1017 1950 ἐπιστραφῇ
1047 1859 1134 1949 πρὸς
1163 1861 1291 1952 κύριον,
1323 1879 1544 1952 περιαιρεῖται
1571 1859 1613 1930 τὸ

305 1959 475 2051 κάλυμμα·
498 1956 516 2034 6
539 1969 575 2034 δὲ
596 1961 711 2051 κύριος
732 1961 774 2034 τὸ
796 1957 927 2050 πνεῦμά
949 1966 1061 2032 ἐστιν.
1097 1960 1150 2033 διὰ
1173 1968 1208 2034 δὲ
1231 1967 1294 2034 τοῦ
1308 1959 1492 2050 προφήτου
1507 1955 1613 2048 ῥητόν

305 2067 459 2148 πνεῦμα
491 2067 579 2148 λέγει
607 2061 671 2133 τὸν
700 2059 828 2148 κύριον.
871 2061 921 2143 οἷς
953 2054 1015 2132 σῦν
1041 2065 1206 2132 ἐπίκειται
1226 2059 1395 2151 κάλυμμα,
1423 2056 1485 2132 ούκ
1506 2056 1549 2128 ἀν
1569 2063 1612 2128 εί-

255 2173 287 2228 15
305 2182 417 2232 πσιεν·
439 2167 591 2250 πνεῦμα
613 2161 833 2250 προσώπου
854 2156 966 2249 ἡμῶν
990 2160 1162 2249 Χριστὸς
1183 2160 1335 2251 κύριος,
1359 2156 1433 2234 ἀλλ’
1457 2164 1489 2232 σί
1514 2156 1611 2232 »ἀνα-

303 2265 543 2350 κεκαλυμμένῳ
569 2259 746 2350 προσώπω
774 2259 839 2350 τήν
865 2257 968 2346 δόξαν
989 2267 1107 2348 κυρίου
1127 2256 1464 2350 κατοπτριζόμενοιι,
1488 2252 1538 2330 ῶν
1560 2254 1610 2330 ἀεὶ

303 2357 370 2446 πρὸ
393 2367 467 2430 τῶν
488 2367 550 2450 τῆς
575 2366 726 2442 διανοίας
748 2355 942 2448 ὀφθαλμῶν
964 2365 1057 2432 ἐστιν
1078 2355 1097 2430 ό
1119 2357 1246 2450 κύριος·
1269 2357 1316 2444 ώς
1331 2365 1343 2449 ΙΙ
1359 2366 1467 2450 δῆλον
1490 2353 1544 2430 ότι
1566 2357 1608 2430 τὸ
1631 2387 1687 2444 350

302 2461 483 2548 ένεργῆσαν
505 2465 542 2532 έν
565 2479 637 2542 τοῖς
657 2457 851 2548 προφήταις
872 2467 1003 2549 πνεῦμα
1025 2451 1068 2547 ῆν
1090 2454 1281 2548 όΧριστός,
1305 2454 1342 2544 ῦς
1363 2469 1419 2532 καὶ
1435 2463 1609 2548 ίνανθρω·

301 2554 410 2646 πῆσας
432 2567 548 2648 φησίν·
574 2557 694 2643 »αῦτός
716 2554 736 2630 6
759 2567 876 2631 λαλῶν
897 2557 1064 2649 πάρειμιε,
1088 2555 1190 2640 αύτός
1209 2552 1261 2630 ῶν
1276 2567 1407 2648 πνεῦμα
1421 2567 1476 2631 καὶ
1490 2557 1607 2648 κύριος

249 2669 283 2725 20
300 2665 356 2727 καί
379 2656 533 2746 Χριστός.
567 2667 696 2732 τοῦτον
718 2666 902 2744 συνέλαβον
925 2663 956 2731 οἱ
979 2666 1238 2750 διαφθείραντες
1260 2666 1405 2748 πρῶτον
1419 2661 1483 2730 ίν“
1472 2679 1606 2742 εαυτσῖς

300 2763 361 2846 τῆς
394 2766 583 2845 θεοσεβείας
614 2758 657 2831 τὰ
675 2765 869 2879 σπέρματα
917 2755 990 2832 ἀλλ’
1013 2755 1105 2848 ἡμεῖς
1135 2763 1167 2830 σί
1197 2766 1374 2848 προφῆται
1404 2756 1466 2830 ούιι
1496 2758 1605 2831 ἀλλον

298 2853 476 2947 ἡγούμενοι
513 2857 554 2931 τό
589 2865 745 2948 πνεῦμα
782 2864 846 2930 τοῦ
879 2859 1100 2946 προσώπου
1133 2855 1260 2948 ήμῶν
1295 2859 1378 2948 μετὰ
1409 2857 1475 2947 τῆν
1507 2854 1604 2946 ήμῶν

298 2955 499 3045 σύλληψιν
528 2965 646 3048 μηκέτι
677 2955 787 3030 τόπον
819 2959 955 3045 ἔχοντες
985 2962 1021 3028 έν
1047 2953 1175 3042 αῦτοῖς,
1202 2956 1269 3030 ύπό
1299 2965 1341 3047 τῆ
1368 2965 1431 3030 τοῦ
1453 2963 1603 3044 Χριστοῦ

296 3063 385 3148 σκιᾷ
407 3055 623 3146 ζησόμεθα,
640 3059 754 3128 σύκέτι
769 3057 861 3146 παρὰ
876 3053 1053 3140 Ἰουδαίοις,
1070 3053 1143 3130 ἀλλ’
1160 3062 1200 3128 έν
1216 3053 1309 3140 ὅλοις
1324 3077 1410 3140 τοῖς
1425 3062 1600 3135 ἔθνεσιν,

244 3165 276 3220 25
295 3149 354 3226 ότε
387 3153 541 3245 »ἀρθεῖσα
578 3154 598 3246 ιΙ
634 3163 783 3242 βασιλεία
820 3163 882 3228 τοῦ
912 3163 997 3228 θεοῦ
1026 3153 1082 3229 ἀπ’
1106 3154 1234 3229 αύτῶν<
1264 3157 1318 3230 διά
1349 3155 1390 3228 τό
1420 3158 1508 3228 κατὰ
1538 3163 1602 3228 τοῦ

295 3261 444 3346 Χριστοῦ
467 3253 621 3346 τόλμημα
642 3253 759 3344 »ἐδόθη
783 3273 854 3338 τοῖς
882 3259 1035 3328 ἔθνεσιν.
1078 3255 1152 3326 ίδοῦ
1182 3255 1244 3344 γάρ
1274 3263 1377 3342 ζῶσιν
1403 3259 1440 3328 έν
1466 3253 1545 3346 ῆμῖν
1568 3261 1600 3330 οἱ

293 3361 482 3444 προφῆται,
505 3361 689 3437 λαλοῦντες
716 3363 792 3444 περὶ
818 3351 924 3427 αύτοῦ
945 3364 1001 3426 καὶ
1022 3354 1258 3444 κηρύσσοντες,
1287 3352 1361 3428 ἀλλ’
1386 3353 1500 3428 οῦκέτι
1523 3355 1598 3444 παρ’

293 3458 441 3538 ἐκείνοις,
465 3475 537 3538 τοῖς
559 3457 610 3526 ἔτι
630 3461 686 3525 καὶ
710 3461 771 3524 νῦν
794 3450 899 3526 αύτόν
931 3474 1017 3539 ταῖς
1049 3457 1206 3527 ἑαυτῶν
1235 3461 1483 3547 διαφθοραῖς
1508 3485 1600 3544 περι·

291 3550 481 3637 βάλλουσιν,
497 3550 654 3644 ὁσημέραι
673 3563 952 3644 βλασφημοῦντες
966 3552 1083 3628 αύτόν.
1116 3550 1186 3627 όδέ
1200 3553 1337 3638 Ἀκύλας
1359 3559 1424 3644 ἔφη
1445 3561 1600 3646 πνεῦμα

240 3669 273 3724 30
290 3651 506 3742 μυκτήρων
531 3651 657 3744 ήμῶν,
680 3652 863 3742 Σύμμαχος
886 3662 921 3727 δὲ
949 3655 1051 3744 πνοή
1077 3653 1291 3746 μυκτήρων
1319 3652 1438 3745 ἡμῶν.
1482 3660 1514 3727 οἱ
1536 3654 1598 3745 γάρ

290 3763 463 3838 θεοφιλεῖς
490 3753 543 3825 διά
570 3751 701 3835 παντὸς
726 3752 789 3824 τόν
813 3754 962 3842 Χριστὸν
990 3751 1208 3839 ἀναπνεόυσι,
1236 3754 1303 3844 πρὸ
1326 3750 1520 3844 ὀφθαλμῶν
1542 3753 1598 3827 αύ-

289 3849 353 3922 τόν
384 3855 526 3939 ἔχοντες.
569 3859 683 3925 ίστέον
713 3859 749 3924 δὲ
780 3847 834 3926 ότι
865 3852 979 3975 ῶσπερ
1010 3849 1199 3975 όΧριστὸς
1229 3847 1408 3944 πνεῦμα”
1386 3884 1438 3926 ων
1465 3860 1598 3938 ἐντοῖς

288 3950 483 4040 προφήταις
518 3950 690 4042 ἐλάλησεν,
728 3946 821 4024 ούτω
858 3963 915 4025 καὶ
951 3947 970 4024 ό
1006 3953 1133 4044 πατήρ·
1163 3958 1249 4041 λέγει
1280 3953 1410 4042 γάρν
1373 3959 1410 4025 ἐν
1441 3961 1484 4044 τῆ
1510 3953 1597 4046 πρὸς

287 4045 496 4139 Ἑβραίους
478 4082 497 4123 ο
519 4057 663 4134 Παῦλος.
694 4059 913 4140 »πολυμερῶς
934 4059 990 4124 καὶ
1011 4049 1242 4142 πολυτρόπως
1263 4051 1370 4125 πύλαι
1392 4049 1411 4124 6
1434 4053 1516 4137 θεὸς
1537 4063 1595 4126 λα-

372 4222 388 4277 1
409 4221 473 4292 Vgl.
486 4222 600 4277 Psal.(
571 4225 585 4276 1
587 4223 628 4288 02,
641 4225 716 4278 5.-
735 4221 754 4278 4
771 4222 835 4293 Vgl.
848 4223 873 4276 11
886 4223 984 4278 Chron.
997 4225 1038 4288 35,
1051 4224 1138 4278 26—
1152 4222 1189 4278 11
1203 4221 1266 4292 Vgl.
1280 4223 1421 4292 11K0r.3,
1435 4227 1543 4282 15-17.
1560 4253 1595 4266 -

286 4303 704 4374 1511K01.3,18.-19J0s.
723 4307 765 4370 52,
784 4309 859 4364 6.—
880 4307 949 4364 251.
968 4307 1147 4378 vgl.Matth.
1167 4309 1207 4370 21,
1225 4309 1318 4364 43.-
1337 4307 1377 4366 84
1395 4309 1477 4364 Hebr.
1496 4309 1594 4376 1‚1.2.

371 4459 385 4512 λ
406 4459 474 4528 φησί
492 4477 508 4514 α
524 4461 528 4526 Ι
545 4460 562 4516 8
581 4455 621 4528 ένΙ
641 4455 676 4514 ἂν
694 4477 709 4513 ο
724 4459 728 4526 Ι
744 4461 916 4529 συνειλῆφθη
934 4462 1084 4532 διαφοραῖς
1101 4477 1117 4515 ο
1133 4461 1136 4526 Ι
1152 4461 1187 4516 10
1205 4459 1389 4530 μαχέσασθαι
1406 4460 1540 4516 comat„
1553 4479 1593 4531 gr.

284 4543 392 4609 1153Ι54
410 4545 595 4612 μαχήσασθαι
612 4543 664 4598 σία
680 4545 684 4611 Ι
700 4545 737 4599 11
751 4541 864 4611 κώλυμα
879 4559 895 4596 ο
911 4546 915 4610 Ι
931 4545 970 4600 12
988 4541 1139 4614 έπιστρίφη
1153 4563 1169 4599 ο
1185 4546 1188 4610 Ι
1205 4545 1245 4602 24
1262 4533 1475 4614 οκιάζησόμεθα
1488 4563 1505 4600 ο
1518 4561 1594 4600 σκια-

283 4626 394 4694 ζόμεθα
413 4627 442 4680 ο*
461 4626 554 4698 χάριτι
573 4645 596 4682 a.
610 4627 640 4680 R.
660 4633 686 4680 οἱ
702 4629 705 4694 Ι
722 4628 758 4682 2ss
776 4625 861 4696 έδόθη
882 4629 925 4684 Gh
938 4631 1009 4696 δσθῖχ
1022 4645 1054 4684 co
1070 4631 1073 4697 Ι
1090 4630 1127 4686 27
1147 4629 1360 4700 κηρίττοντεςο
1376 4631 1381 4696 Ι
1396 4629 1433 4686 81
1450 4627 1510 4698 τὸν]
1524 4637 1557 4690 <
1569 4645 1593 4686 ο.
