3768 5544
663 489 785 544 Homilie
796 487 855 542 ΧΗ.
890 486 1042 553 Jerem.13‚
1055 488 1164 542 12-17.
1532 491 1570 554 89

259 650 391 741 ἑκάστῳ
414 659 488 724 τῶν
511 647 771 742 ἁμαρτημάτων.
806 649 865 723 ἐὰν
888 656 923 721 δέ
944 649 1050 732 καλός
1064 657 1121 720 καὶ
1137 645 1266 737 άγαθός
1280 640 1322 736 ής
1338 640 1428 730 όλος,
1451 653 1571 736 λέγεις·

263 751 449 843 »ποτήριον
476 759 648 841 σωτηρίου
678 749 842 842 λήψομαι,
873 757 929 823 καὶ
960 749 1002 822 τό
1033 742 1141 839 ὄνομα
1166 757 1284 837 κυρίου
1305 753 1570 836 ἰπικαλέσομαιι.

262 859 362 936 ›aaa‹
382 845 445 925 ούν
470 848 619 936 ιάσκόςι,
642 855 709 924 είτε
731 849 835 936 καλός
853 855 919 924 εἴτε
935 847 1118 941 μοχθηρός,
1143 846 1429 938 »πληρωθήσεται
1444 851 1569 923 οίνουι,

256 960 311 1025 καί
341 951 428 1023 κατὰ
460 951 525 1042 τήν
555 947 818 1040 ἐπιτηδειότητα
848 957 911 1024 τοῦ
941 949 1046 1022 άσκοῦ
1076 951 1170 1032 οἰνος
1199 945 1407 1039 βληθήσεται
1437 952 1484 1030 εἰς
1506 946 1570 1020 τόν

222 1049 363 1126 δόσκόν
393 1051 480 1124 κατὰ
511 1049 574 1123 τόν
601 1047 707 1140 λόγον
733 1058 806 1124 τῶν
827 1056 979 1124 ἐνταῦθα
1001 1044 1265 1139 ὀνομαζομένων
1287 1047 1411 1122 άσκῶν.
1453 1050 1570 1122 ἔλαιον

257 1145 318 1225 οὖν
350 1149 391 1224 ού
420 1149 581 1236 βάλλεται
612 1156 659 1234 εἰς
689 1151 771 1234 τούς
804 1149 926 1235 δοκούς
957 1146 1034 1223 ούδὲ
1065 1149 1153 1240 άλλη
1184 1179 1237 1233 τις
1266 1147 1351 1240 δγρά
1380 1142 1454 1240 όλη,
1482 1145 1568 1222 άλλά

255 1248 372 1325 πάντα
394 1249 502 1324 άσκὸν
524 1257 577 1323 δεῖ
596 1255 693 1322 οἰνου
714 1258 952 1342 πληρωθῆναι.

338 1363 365 1424 3.
395 1352 480 1422 Elea
506 1349 652 1423 διδάσκει
679 1351 733 1422 διά
759 1352 841 1437 τούς
867 1349 1140 1445 ἁμαρτήσαντας,
1168 1347 1251 1424 ὅσον
1277 1349 1365 1422 κατὰ
1387 1347 1429 1420 τὸ
1451 1345 1566 1439 ῥητόν.

254 1458 292 1524 ἐν
322 1461 366 1541 τῇ
387 1447 600 1542 Ἰερουσαλὴμ
630 1447 712 1522 τότε
740 1458 795 1523 καί
826 1457 863 1525 ἐν
894 1461 937 1542 τῇ
959 1449 1112 1545 Ἰουδαίᾳ,
1143 1458 1305 1526 ποταποῦ
1336 1454 1432 1522 οίνου
1452 1455 1565 1537 μέλλει

203 1564 236 1619 10
253 1558 409 1642 πληροῦν
432 1547 450 1624 6
473 1550 556 1636 θεὸς
579 1551 659 1634 τούς
682 1547 805 1636 άσκούς
826 1551 980 1638 τούτους,
1003 1553 1084 1636 τούς
1105 1548 1338 1642 ἁμαρτωλούς.
1381 1557 1565 1640 γέγραπται

251 1650 328 1741 γάρ·
361 1651 438 1724 »ἐὰν
459 1656 578 1723 εἴπωσι
599 1647 685 1740 πρός
707 1673 756 1723 σε·
781 1652 826 1742 μή
848 1650 989 1742 γνόντες
1011 1649 1052 1724 ού
1074 1649 1276 1742 γνωσόμεθα
1299 1644 1354 1722 ότι
1374 1657 1441 1733 πᾶς
1464 1645 1565 1731 ἀσκός

251 1749 518 1843 πληρωθήσεται
540 1755 654 1834 οίνου,·
695 1757 751 1821 καί
773 1757 857 1842 ἐρεῖς
878 1753 966 1844 πρός
981 1751 1116 1836 αύτούς·
1139 1751 1219 1826 τάδε
1236 1758 1325 1841 λέγει
1339 1748 1467 1838 κύριος·
1489 1749 1564 1821 ἰδού

251 1853 318 1940 ἐγώ
349 1858 473 1942 πληρῶ
503 1849 637 1934 πάντας
668 1852 751 1936 τούς
778 1861 1027 1938 κατοικοῦντας
1057 1853 1123 1944 τήν
1150 1859 1213 1943 γῆν
1243 1850 1371 1941 ταύτην
1401 1856 1457 1922 καί
1482 1850 1564 1934 τούς

251 1959 396 2036 βασιλεῖς
426 1952 508 2035 τούς
536 1959 751 2041 καθημένους
779 1954 873 2037 υἱούς
903 1961 966 2026 τοῦ
989 1960 1091 2038 lullo
1120 1957 1175 2025 ἐπὶ
1206 1948 1337 2042 θρόνου
1367 1947 1475 2023 αότσῦ
1507 1957 1563 2021 καί

200 2059 234 2116 15
250 2050 333 2134 τούς
359 2055 486 2140 ίερεῐςι.
531 2047 671 2134 ούδενός
697 2058 848 2140 φείδεται
874 2048 894 2124 6
921 2060 1059 2143 μέλλων
1082 2050 1249 2139 κολάζειν.
1293 2048 1355 2124 ούκ
1381 2055 1453 2123 ἐπεὶ
1478 2080 1562 2172 προ-

251 2145 365 2239 φήτης
381 2156 391 2239 ΙΙ
408 2180 460 2233 τις
482 2148 710 2240 ἐχρημάτισεν,
733 2154 798 2240 ἔχει
820 2148 899 2224 δὲ
877 2149 1112 2243 αμαρτήματα,
1137 2149 1178 2226 ού
1198 2147 1466 2242 πληρωθήσεται
1487 2157 1561 2222 τῶν
1585 2164 1634 2220 196

233 2253 446 2339 ’λεγομένων
483 2247 643 2323 άπειλῶν.
696 2247 758 2322 ούκ
793 2256 867 2324 ἐπεὶ
854 2249 1003 2340 ίὶερεύς
1030 2281 1083 2335 τις
1112 2249 1331 2342 ἐχρημάτισεν
1360 2256 1416 2322 καὶ
1446 2253 1562 2337 ἔδοξεν

248 2345 421 2440 ύπεροχὴν
460 2345 630 2440 ὀνόματος
669 2351 756 2438 ἔχειν
795 2359 1000 2441 τιμιωτέρου
1037 2350 1131 2441 παρὰ
1165 2349 1229 2424 τόν
1268 2347 1368 2437 λαόν,
1410 2355 1562 2439 φείδεται

250 2445 357 2522 ούτοῦ
379 2444 398 2521 6
420 2449 503 2532 θεός
526 2446 614 2522 ωστε
637 2445 745 2522 αὐτὸν
765 2448 811 2540 μὴ
832 2456 1046 2540 κολασθῆναι
1068 2446 1319 2542 άμαρτήσαντα.
1362 2450 1405 2523 τά
1427 2457 1463 2522 δὲ
1483 2455 1561 2539 περὶ

198 2569 233 2624 20
251 2553 394 2622 ἐκείνων
425 2547 710 2640 ἀναγεγραμμένα,
738 2544 887 2640 φησίνε
869 2579 887 2622 ο
911 2547 1115 2638 άπόστολος,
1147 2548 1276 2641 ἐγράφη
1297 2546 1345 2622 δι’
1368 2547 1462 2640 ἡμᾶς,
1495 2554 1561 2632 »εἰς

169 2671 235 2728 2581
252 2643 312 2731 σός
333 2647 377 2720 τὰ
399 2656 480 2738 τέλη
502 2655 576 2721 τῶν
599 2649 739 2721 αἰώνων
762 2659 767 2734 Ι
789 2648 1033 2740 κατήντησενι.
1076 2655 1179 2731 εἴτις
1202 2641 1264 2722 οὖν
1285 2656 1341 2722 καὶ
1362 2654 1400 2722 ἐν
1421 2647 1560 2732 τούτοις

250 2765 324 2831 τοῖς
346 2751 467 2838 ἱερεῦσι
488 2754 652 2838 (δείκνυμι
673 2753 709 2819 δέ
730 2749 813 2831 τούς
834 2757 1082 2840 πρεσβυτέρους
1104 2745 1201 2839 ἡμᾶς)
1222 2744 1245 2837 ἢ
1267 2753 1304 2822 ἐν
1326 2748 1465 2833 τούτοις
1486 2769 1560 2832 τοῖς

249 2845 483 2939 περιεστηκόσι
504 2847 570 2920 τόν
591 2847 677 2921 λαόν
697 2851 845 2931 λευίταις
867 2853 966 2938 (λέγω
989 2855 1025 2921 δὲ
1045 2847 1127 2932 τούς
1149 2846 1342 2939 διακόνους)
1364 2845 1558 2939 ἁμαρτάνει,

251 2949 315 3034 ἕξει
345 2947 476 3037 ταύτην
507 2947 572 3039 τήν
601 2944 755 3020 κόλασιν·
786 2945 834 3032 σός
859 2945 964 3020 πάλιν
991 2944 1140 3037 εύλογίαι
1167 2956 1257 3031 τινές
1279 2955 1363 3020 εἰσιν
1384 2953 1558 3039 ἱερατικαί.

198 3067 231 3122 25
248 3054 326 3138 περί
358 3039 410 3120 τόν
438 3053 525 3122 θεοῦ
557 3044 715 3132 διδόντος
746 3043 788 3120 o6
817 3044 958 3136 μακράν,
991 3044 1078 3120 άλλίτ
1108 3048 1193 3138 μετὰ
1222 3048 1288 3139 τήν
1317 3053 1468 3134 ἐξέτασιν
1495 3054 1558 3122 τοῦ

249 3144 355 3237 λόγου
384 3153 448 3222 τοῦ
477 3153 695 3238 προφητικοῦ
725 3144 884 3236 εἰσόμεθα
911 3144 1239 3238 ἀναγινωσκομένων
1270 3155 1344 3220 τῶν
1374 3143 1555 3239 Ἀριθμῶν·

248 3255 326 3336 περὶ
348 3247 411 3336 γάρ
423 3251 555 3340 ίερέων
577 3253 646 3320 ἐκεῖ
665 3276 744 3318 τινα
764 3254 878 3337 μέλλει
901 3253 1066 3369 λέγεσθαι.

334 3354 418 3419 »Καὶ
444 3345 527 3429 τούς
553 3350 668 3435 ίερείςι
698 3339 760 3418 σύν
790 3353 862 3419 »καί
883 3346 966 3430 τούς
987 3344 1170 3438 προφήτας
1190 3355 1247 3419 καί
1268 3348 1333 3420 τὸν
1353 3344 1480 3421 ’ίούδαν
1500 3358 1556 3422 καί

331 3551 349 3607 2
374 3551 446 3606 Psal.
464 3553 522 3617 115,
538 3554 563 3606 4.
589 3581 623 3590 -
649 3550 724 3607 1511.
745 3549 809 3621 Vgl
831 3549 904 3606 Hier.
923 3551 1026 3606 Gomm.
1043 3551 1106 3608 932:
1132 3568 1189 3607 non
1210 3552 1300 3608 colum
1317 3553 1416 3624 vulgus
1432 3553 1556 3622 ignobile

245 3635 363 3705 vilisque
384 3633 542 3706 plebecula,
565 3634 614 3689 sed
635 3651 713 3705 rogae
735 3633 920 3690 Ecclesiamm
941 3635 976 3690 de
997 3636 1092 3707 alirpc,
1115 3636 1173 3692 aive
1194 3635 1245 3690 filii
1262 3635 1364 3704 David,
1392 3638 1439 3706 qui
1461 3639 1556 3693 cadent

245 3720 363 3791 resupini
385 3722 529 3789 erectaque
546 3719 652 3775 cervice
657 3759 664 3786 ,
687 3723 716 3774 et
732 3722 860 3790 protento
878 3719 1035 3789 aqualiculo
1053 3737 1133 3792 cuper
1150 3720 1279 3776 thsouum
1296 3721 1363 3791 ejus.
1397 3722 1555 3778 Sacerdotes

245 3821 354 3875 quoque
375 3803 440 3876 ipsi,
462 3803 597 3860 secundus
618 3802 648 3858 iu
670 3803 855 3859 ecclesiastico
877 3805 981 3858 honore
999 3805 1112 3874 gradus,
1134 3807 1163 3860 ct
1179 3806 1340 3876 prophelae,
1364 3805 1412 3874 qui
1428 3806 1555 3862 videnlur

243 3889 345 3944 habere
375 3887 519 3944 scicnliam
544 3888 758 3959 Scripturarum,
785 3890 814 3944 et
839 3905 934 3944 omncs
960 3888 1130 3944 habitatores
1156 3889 1319 3957 Jerusalem,
1345 3907 1394 3960 pro
1420 3890 1554 3945 varietate

243 3977 419 4045 peccatorum
435 3974 615 4046 complentur.
632 4003 666 4012 -
684 3973 724 4030 20
742 3973 805 4044 vgu
822 3971 911 4028 IKcr.
924 3974 964 4036 10,
977 3975 1018 4029 11.
1036 4002 1070 4012 -
1088 3973 1124 4029 2⁰
1142 3973 1207 4043 Vgl.
1225 3972 1304 4029 Nuua
1317 3973 1358 4028 18.

329 4159 344 4214 1
370 4152 480 4232 ἑκάστῳ
505 4163 564 4214 τῶν
581 4153 828 4230 ἁμαρτησάντωνλ
850 4156 928 4211 Elaea
952 4157 956 4224 Ι
980 4156 1026 4222 θίί
1050 4153 1360 4230 ἀλλὰ-πληρωθῆναι]
1380 4159 1441 4212 cici
1456 4160 1551 4213 vinum

244 4243 435 4306 Sodomorum,
456 4247 506 4296 αιιί
525 4242 604 4298 θοντο
621 4243 647 4296 Η
670 4242 675 4310 1
700 4238 832 4314 12ἐρετς
850 4239 888 4296 Co
906 4241 978 4295 dices
995 4241 1021 4295 H
1038 4237 1101 4315 ἐρεῖ
1117 4241 1134 4296 S
1156 4243 1160 4309 1
1180 4242 1219 4299 15
1246 4242 1385 4312 κολάζειν]
1409 4250 1441 4308 -ί-
1459 4261 1552 4313 ρεσεα-

241 4331 311 4381 ἰονιε
327 4327 354 4381 H
374 4328 378 4392 Ι
398 4323 451 4382 oon
472 4321 534 4382 ἐπεὶ
555 4326 712 4396 προφήτης]
733 4325 770 4379 iet
791 4325 890 4380 vorhcr
911 4325 956 4381 ein
974 4325 1037 4381 Suu
1061 4323 1113 4382 οἰκ
1130 4322 1192 4382 ἐπεί
1208 4327 1339 4399 βασιλεύς
1355 4347 1397 4393 τις
1413 4331 1472 4384 κτλ.
1492 4345 1551 4382 αυε-

243 4411 386 4482 gelallen‘?
403 4410 459 4480 agl.
477 4409 551 4466 Hier.
569 4411 672 4464 Comm.
687 4415 692 4476 Ι
709 4411 747 4466 18
765 4409 942 4483 τιμιωτέρου]
959 4409 1015 4479 vgl.
1028 4409 1054 4463 S.
1066 4411 1107 4478 90,
1117 4414 1150 4466 24
1163 4413 1232 4481 App.
1249 4409 1419 4484 τιμιώτερον
1436 4411 1453 4464 S
1474 4413 1478 4476 Ι
1501 4410 1552 4467 τδν

239 4492 311 4550 λαδν
329 4495 485 4550 Koelechau
502 4494 559 4564 agl.
572 4495 599 4547 Ζ.
612 4495 645 4550 23
662 4492 714 4549 τδν
731 4489 799 4550 δλον
817 4495 848 4560 θς
869 4492 896 4547 Η
913 4494 1247 4564 pullulaverunt!
1264 4496 1304 4550 24
1314 4493 1418 4564 ταύτην
1435 4496 1486 4563 τήν
1505 4496 1552 4552 κό·

240 4578 332 4649 λασιν]
345 4577 525 4648 εαμρίδοίυπι,
542 4579 613 4647 quod
627 4595 702 4632 αωιο
715 4597 766 4648 per
773 4579 933 4649 prophetam
947 4579 1084 4634 Dominae
1096 4580 1282 4634 comminatur
1293 4580 1319 4634 Η
1335 4583 1338 4647 Ι
1355 4581 1394 4635 26
1412 4577 1552 4650 εἰσόμεθα

241 4662 285 4717 Hu
302 4662 507 4732 da'cpalcbc'mua
524 4662 551 4717 Η
569 4661 693 4732 ἰσόμεθα
710 4665 735 4719 S.
