<?xml version="1.0" encoding="UTF-8"?>
<!DOCTYPE html PUBLIC "-//W3C//DTD XHTML 1.0 Transitional//EN"
    "http://www.w3.org/TR/xhtml1/DTD/xhtml1-transitional.dtd">
<html xmlns="http://www.w3.org/1999/xhtml" xml:lang="en" lang="en">
 <head>
  <title>
</title>
<meta http-equiv="Content-Type" content="text/html;charset=utf-8" />
  <meta name='ocr-system' content='tesseract 3.04.00' />
  <meta name='ocr-capabilities' content='ocr_page ocr_carea ocr_par ocr_line ocrx_word'/>
</head>
<body>
  <div class='ocr_page' id='page_1' title='image "./diegriechischen01unkngoog/diegriechischen01unkngoog_0282.png"; bbox 0 0 3694 5542; ppageno 0'>
   <div class='ocr_carea' id='block_1_1' title="bbox 431 500 1516 572">
    <p class='ocr_par' dir='ltr' id='par_1_1' title="bbox 431 500 1516 572">
     <span class='ocr_line' id='line_1_1' title="bbox 431 500 1516 572; baseline 0.003 -16"><span class='ocrx_word' id='word_1_1' title='bbox 431 502 482 557; x_wconf 86' lang='lat' dir='ltr'><strong><em>Die</em></strong></span> <span class='ocrx_word' id='word_1_2' title='bbox 499 500 705 570; x_wconf 59' lang='lat' dir='ltr'><strong>selbetendigen</strong></span> <span class='ocrx_word' id='word_1_3' title='bbox 722 501 886 571; x_wconf 72' lang='lat' dir='ltr'><strong>Fragmenta</strong></span> <span class='ocrx_word' id='word_1_4' title='bbox 903 516 951 556; x_wconf 77' lang='lat' dir='ltr'><strong><em>aue</em></strong></span> <span class='ocrx_word' id='word_1_5' title='bbox 969 501 1017 557; x_wconf 88' lang='lat' dir='ltr'><strong><em>der</em></strong></span> <span class='ocrx_word' id='word_1_6' title='bbox 1034 501 1299 572; x_wconf 74' lang='lat' dir='ltr'><strong>Prophetenketene.</strong></span> <span class='ocrx_word' id='word_1_7' title='bbox 1457 507 1516 568; x_wconf 81' lang='grc'><strong><em>221</em></strong></span> 
     </span>
    </p>
   </div>
   <div class='ocr_carea' id='block_1_2' title="bbox 598 735 1136 818">
    <p class='ocr_par' dir='ltr' id='par_1_2' title="bbox 598 735 1136 818">
     <span class='ocr_line' id='line_1_2' title="bbox 598 735 1136 818; baseline 0 -17"><span class='ocrx_word' id='word_1_8' title='bbox 598 736 654 803; x_wconf 87' lang='lat' dir='ltr'><strong><em>Nr.</em></strong></span> <span class='ocrx_word' id='word_1_9' title='bbox 676 735 769 802; x_wconf 86' lang='lat' dir='ltr'><strong>XLV.</strong></span> <span class='ocrx_word' id='word_1_10' title='bbox 812 735 1136 818; x_wconf 76' lang='lat' dir='ltr'><strong>Jemm.31,12-17.</strong></span> 
     </span>
    </p>
   </div>
   <div class='ocr_carea' id='block_1_3' title="bbox 164 894 1589 2584">
    <p class='ocr_par' dir='ltr' id='par_1_3' title="bbox 213 894 1589 1189">
     <span class='ocr_line' id='line_1_3' title="bbox 296 894 1589 990; baseline -0.005 -18"><span class='ocrx_word' id='word_1_11' title='bbox 296 907 382 990; x_wconf 89' lang='grc'><strong><em>(122)</em></strong></span> <span class='ocrx_word' id='word_1_12' title='bbox 419 897 461 970; x_wconf 84' lang='grc' dir='ltr'><strong><em>Τὸ</em></strong></span> <span class='ocrx_word' id='word_1_13' title='bbox 497 903 703 971; x_wconf 85' lang='grc' dir='ltr'><strong><em>κλινοῦσιν</em></strong></span> <span class='ocrx_word' id='word_1_14' title='bbox 739 895 863 971; x_wconf 88' lang='grc' dir='ltr'><strong><em>αύτὸν</em></strong></span> <span class='ocrx_word' id='word_1_15' title='bbox 898 905 961 970; x_wconf 83' lang='grc' dir='ltr'><strong><em>καὶ</em></strong></span> <span class='ocrx_word' id='word_1_16' title='bbox 993 896 1041 971; x_wconf 84' lang='grc' dir='ltr'><strong><em>τά</em></strong></span> <span class='ocrx_word' id='word_1_17' title='bbox 1071 896 1189 988; x_wconf 90' lang='grc' dir='ltr'><strong><em>σκεύη</em></strong></span> <span class='ocrx_word' id='word_1_18' title='bbox 1221 894 1345 970; x_wconf 82' lang='grc' dir='ltr'><strong><em>αύτού</em></strong></span> <span class='ocrx_word' id='word_1_19' title='bbox 1375 908 1516 969; x_wconf 91' lang='grc' dir='ltr'><strong><em>λεπτυ-</em></strong></span> <span class='ocrx_word' id='word_1_20' title='bbox 1539 919 1589 973; x_wconf 88' lang='lat'><strong><em>312</em></strong></span> 
     </span>
     <span class='ocr_line' id='line_1_4' title="bbox 213 991 1517 1089; baseline -0.005 -16"><span class='ocrx_word' id='word_1_21' title='bbox 213 1007 326 1074; x_wconf 87' lang='grc' dir='ltr'><strong><em>νοῦσι</em></strong></span> <span class='ocrx_word' id='word_1_22' title='bbox 340 997 521 1088; x_wconf 89' lang='grc' dir='ltr'><strong><em>Σύμμαχος</em></strong></span> <span class='ocrx_word' id='word_1_23' title='bbox 545 999 621 1089; x_wconf 85' lang='grc' dir='ltr'><strong><em>ἐφη·</em></strong></span> <span class='ocrx_word' id='word_1_24' title='bbox 647 1004 702 1070; x_wconf 80' lang='grc' dir='ltr'><strong><em>καί</em></strong></span> <span class='ocrx_word' id='word_1_25' title='bbox 725 999 988 1086; x_wconf 83' lang='grc' dir='ltr'><strong><em>σειριύσουσιν</em></strong></span> <span class='ocrx_word' id='word_1_26' title='bbox 1010 994 1136 1070; x_wconf 87' lang='grc' dir='ltr'><strong><em>αύτὸν</em></strong></span> <span class='ocrx_word' id='word_1_27' title='bbox 1156 1005 1220 1068; x_wconf 82' lang='grc' dir='ltr'><strong><em>καὶ</em></strong></span> <span class='ocrx_word' id='word_1_28' title='bbox 1242 996 1290 1069; x_wconf 86' lang='grc' dir='ltr'><strong><em>τά</em></strong></span> <span class='ocrx_word' id='word_1_29' title='bbox 1312 995 1428 1086; x_wconf 89' lang='grc' dir='ltr'><strong><em>σκεύη</em></strong></span> <span class='ocrx_word' id='word_1_30' title='bbox 1452 991 1517 1068; x_wconf 90' lang='grc' dir='ltr'><strong><em>αύ-</em></strong></span> 
     </span>
     <span class='ocr_line' id='line_1_5' title="bbox 213 1093 1518 1189; baseline -0.004 -18"><span class='ocrx_word' id='word_1_31' title='bbox 213 1106 277 1172; x_wconf 84' lang='grc' dir='ltr'><strong><em>τοῦ</em></strong></span> <span class='ocrx_word' id='word_1_32' title='bbox 295 1098 597 1170; x_wconf 82' lang='grc' dir='ltr'><strong><em>ἐκκενώσουσιν.</em></strong></span> <span class='ocrx_word' id='word_1_33' title='bbox 630 1103 774 1186; x_wconf 86' lang='grc' dir='ltr'><strong><em>ἐνέμεινε</em></strong></span> <span class='ocrx_word' id='word_1_34' title='bbox 793 1098 855 1188; x_wconf 84' lang='grc' dir='ltr'><strong><em>γάρ</em></strong></span> <span class='ocrx_word' id='word_1_35' title='bbox 871 1105 913 1186; x_wconf 76' lang='grc' dir='ltr'><strong><em>τῇ</em></strong></span> <span class='ocrx_word' id='word_1_36' title='bbox 929 1104 1041 1186; x_wconf 80' lang='grc' dir='ltr'><strong><em>τροπῇ</em></strong></span> <span class='ocrx_word' id='word_1_37' title='bbox 1056 1103 1119 1168; x_wconf 86' lang='grc' dir='ltr'><strong><em>τοῦ</em></strong></span> <span class='ocrx_word' id='word_1_38' title='bbox 1133 1102 1238 1182; x_wconf 90' lang='grc' dir='ltr'><strong><em>οίνου,</em></strong></span> <span class='ocrx_word' id='word_1_39' title='bbox 1254 1103 1367 1189; x_wconf 84' lang='grc' dir='ltr'><strong><em>δηλῶν</em></strong></span> <span class='ocrx_word' id='word_1_40' title='bbox 1381 1093 1430 1180; x_wconf 76' lang='grc' dir='ltr'><strong><em>ως</em></strong></span> <span class='ocrx_word' id='word_1_41' title='bbox 1444 1103 1518 1167; x_wconf 81' lang='grc' dir='ltr'><strong><em>τῶν</em></strong></span> 
     </span>
    </p>

    <p class='ocr_par' dir='ltr' id='par_1_4' title="bbox 179 1191 1519 1687">
     <span class='ocr_line' id='line_1_6' title="bbox 179 1191 1518 1290; baseline -0.007 -15"><span class='ocrx_word' id='word_1_42' title='bbox 179 1197 358 1290; x_wconf 73' lang='grc' dir='ltr'><strong><em>σάγαθῶν</em></strong></span> <span class='ocrx_word' id='word_1_43' title='bbox 383 1196 625 1288; x_wconf 78' lang='grc' dir='ltr'><strong><em>κενωδὴσεται.</em></strong></span> <span class='ocrx_word' id='word_1_44' title='bbox 669 1193 731 1270; x_wconf 87' lang='grc' dir='ltr'><strong><em>ούκ</em></strong></span> <span class='ocrx_word' id='word_1_45' title='bbox 760 1195 872 1287; x_wconf 81' lang='grc' dir='ltr'><strong><em>άγαδὴ</em></strong></span> <span class='ocrx_word' id='word_1_46' title='bbox 900 1203 1016 1269; x_wconf 89' lang='grc' dir='ltr'><strong><em>τοίνυν</em></strong></span> <span class='ocrx_word' id='word_1_47' title='bbox 1043 1193 1063 1286; x_wconf 84' lang='grc' dir='ltr'><em>ἦ</em></span> <span class='ocrx_word' id='word_1_48' title='bbox 1090 1192 1234 1286; x_wconf 78' lang='grc' dir='ltr'><strong><em>εύδηνία</em></strong></span> <span class='ocrx_word' id='word_1_49' title='bbox 1255 1215 1327 1280; x_wconf 83' lang='grc' dir='ltr'><strong><em>τοῖς</em></strong></span> <span class='ocrx_word' id='word_1_50' title='bbox 1349 1191 1518 1283; x_wconf 75' lang='grc' dir='ltr'><strong><em>άλαζόσιν,</em></strong></span> 
     </span>
     <span class='ocr_line' id='line_1_7' title="bbox 214 1291 1518 1390; baseline -0.005 -18"><span class='ocrx_word' id='word_1_51' title='bbox 214 1298 262 1382; x_wconf 71' lang='grc' dir='ltr'><strong><em>σάς</em></strong></span> <span class='ocrx_word' id='word_1_52' title='bbox 289 1295 366 1371; x_wconf 78' lang='grc' dir='ltr'><strong><em>ούδέ</em></strong></span> <span class='ocrx_word' id='word_1_53' title='bbox 392 1305 443 1388; x_wconf 79' lang='grc' dir='ltr'><strong><em>τῷ</em></strong></span> <span class='ocrx_word' id='word_1_54' title='bbox 467 1303 505 1370; x_wconf 89' lang='grc' dir='ltr'><strong><em>ἐν</em></strong></span> <span class='ocrx_word' id='word_1_55' title='bbox 525 1291 589 1390; x_wconf 76' lang='grc' dir='ltr'><strong><em>ᾅδῃ</em></strong></span> <span class='ocrx_word' id='word_1_56' title='bbox 611 1305 773 1387; x_wconf 78' lang='grc' dir='ltr'><strong><em>πλουσίῳ,</em></strong></span> <span class='ocrx_word' id='word_1_57' title='bbox 802 1294 842 1370; x_wconf 81' lang='grc' dir='ltr'><strong><em>δι’</em></strong></span> <span class='ocrx_word' id='word_1_58' title='bbox 865 1294 909 1387; x_wconf 80' lang='grc' dir='ltr'><strong><em>ἣν</em></strong></span> <span class='ocrx_word' id='word_1_59' title='bbox 935 1294 1124 1383; x_wconf 78' lang='grc' dir='ltr'><strong><em>ἐκολάζετο.</em></strong></span> <span class='ocrx_word' id='word_1_60' title='bbox 1166 1295 1210 1368; x_wconf 82' lang='grc' dir='ltr'><strong><em>τά</em></strong></span> <span class='ocrx_word' id='word_1_61' title='bbox 1232 1303 1268 1368; x_wconf 84' lang='grc' dir='ltr'><strong><em>δέ</em></strong></span> <span class='ocrx_word' id='word_1_62' title='bbox 1289 1293 1518 1385; x_wconf 87' lang='grc' dir='ltr'><strong><em>κεράσματα</em></strong></span> 
     </span>
     <span class='ocr_line' id='line_1_8' title="bbox 214 1389 1518 1486; baseline -0.005 -15"><span class='ocrx_word' id='word_1_63' title='bbox 214 1397 262 1484; x_wconf 80' lang='grc' dir='ltr'><strong><em>ιδς</em></strong></span> <span class='ocrx_word' id='word_1_64' title='bbox 283 1405 337 1472; x_wconf 83' lang='grc' dir='ltr'><strong><em>ἐπὶ</em></strong></span> <span class='ocrx_word' id='word_1_65' title='bbox 362 1402 458 1471; x_wconf 86' lang='grc' dir='ltr'><strong><em>οίνου</em></strong></span> <span class='ocrx_word' id='word_1_66' title='bbox 478 1399 643 1486; x_wconf 78' lang='grc' dir='ltr'><strong><em>ῥηθέντα,</em></strong></span> <span class='ocrx_word' id='word_1_67' title='bbox 665 1392 802 1481; x_wconf 79' lang='grc' dir='ltr'><strong><em>Ἀκύλας</em></strong></span> <span class='ocrx_word' id='word_1_68' title='bbox 823 1402 986 1484; x_wconf 77' lang='grc' dir='ltr'><strong><em>ἐξέδωκεν</em></strong></span> <span class='ocrx_word' id='word_1_69' title='bbox 1006 1403 1170 1486; x_wconf 88' lang='grc' dir='ltr'><strong><em>κέρατα,</em></strong></span> <span class='ocrx_word' id='word_1_70' title='bbox 1192 1389 1276 1484; x_wconf 78' lang='grc' dir='ltr'><strong><em>ὅπερ</em></strong></span> <span class='ocrx_word' id='word_1_71' title='bbox 1299 1393 1437 1484; x_wconf 84' lang='grc' dir='ltr'><strong><em>άρχαίον</em></strong></span> <span class='ocrx_word' id='word_1_72' title='bbox 1457 1421 1518 1466; x_wconf 90' lang='grc' dir='ltr'><strong><em>πο-</em></strong></span> 
     </span>
     <span class='ocr_line' id='line_1_9' title="bbox 214 1489 1519 1588; baseline -0.005 -18"><span class='ocrx_word' id='word_1_73' title='bbox 214 1507 334 1588; x_wconf 90' lang='grc' dir='ltr'><strong><em>τηρίου</em></strong></span> <span class='ocrx_word' id='word_1_74' title='bbox 366 1496 548 1587; x_wconf 79' lang='grc' dir='ltr'><strong><em>ἐτύγχανεν</em></strong></span> <span class='ocrx_word' id='word_1_75' title='bbox 579 1498 666 1579; x_wconf 87' lang='grc' dir='ltr'><strong><em>είδος</em></strong></span> <span class='ocrx_word' id='word_1_76' title='bbox 696 1501 821 1586; x_wconf 86' lang='grc' dir='ltr'><strong><em>(κέρασι</em></strong></span> <span class='ocrx_word' id='word_1_77' title='bbox 851 1496 914 1587; x_wconf 83' lang='grc' dir='ltr'><strong><em>γάρ</em></strong></span> <span class='ocrx_word' id='word_1_78' title='bbox 945 1501 1086 1586; x_wconf 80' lang='grc' dir='ltr'><strong><em>ἔπινον),</em></strong></span> <span class='ocrx_word' id='word_1_79' title='bbox 1118 1489 1203 1567; x_wconf 74' lang='grc' dir='ltr'><strong><em>ὅθεν</em></strong></span> <span class='ocrx_word' id='word_1_80' title='bbox 1231 1503 1288 1567; x_wconf 85' lang='grc' dir='ltr'><strong><em>καὶ</em></strong></span> <span class='ocrx_word' id='word_1_81' title='bbox 1316 1493 1357 1566; x_wconf 86' lang='grc' dir='ltr'><strong><em>τὸ</em></strong></span> <span class='ocrx_word' id='word_1_82' title='bbox 1382 1491 1519 1583; x_wconf 78' lang='grc' dir='ltr'><strong><em>κεράσαι</em></strong></span> 
     </span>
     <span class='ocr_line' id='line_1_10' title="bbox 214 1589 1519 1687; baseline -0.004 -18"><span class='ocrx_word' id='word_1_83' title='bbox 214 1605 322 1687; x_wconf 89' lang='grc' dir='ltr'><strong><em>λέγειν</em></strong></span> <span class='ocrx_word' id='word_1_84' title='bbox 342 1602 548 1685; x_wconf 79' lang='grc' dir='ltr'><strong><em>παρέμεινεν.</em></strong></span> <span class='ocrx_word' id='word_1_85' title='bbox 600 1592 737 1686; x_wconf 81' lang='grc' dir='ltr'><strong><em>άγγεῑα</em></strong></span> <span class='ocrx_word' id='word_1_86' title='bbox 762 1602 823 1684; x_wconf 76' lang='grc' dir='ltr'><strong><em>μὲν</em></strong></span> <span class='ocrx_word' id='word_1_87' title='bbox 846 1589 907 1668; x_wconf 80' lang='grc' dir='ltr'><strong><em>οὖν</em></strong></span> <span class='ocrx_word' id='word_1_88' title='bbox 929 1601 963 1670; x_wconf 89' lang='grc' dir='ltr'><strong><em>αί</em></strong></span> <span class='ocrx_word' id='word_1_89' title='bbox 984 1594 1114 1682; x_wconf 88' lang='grc' dir='ltr'><strong><em>πόλεις,</em></strong></span> <span class='ocrx_word' id='word_1_90' title='bbox 1141 1595 1184 1668; x_wconf 88' lang='grc' dir='ltr'><strong><em>τά</em></strong></span> <span class='ocrx_word' id='word_1_91' title='bbox 1207 1601 1242 1666; x_wconf 83' lang='grc' dir='ltr'><strong><em>δέ</em></strong></span> <span class='ocrx_word' id='word_1_92' title='bbox 1263 1597 1362 1667; x_wconf 75' lang='grc' dir='ltr'><strong><em>ἔνδον</em></strong></span> <span class='ocrx_word' id='word_1_93' title='bbox 1383 1592 1519 1684; x_wconf 81' lang='grc' dir='ltr'><strong><em>άνθρω·</em></strong></span> 
     </span>
    </p>

    <p class='ocr_par' dir='ltr' id='par_1_5' title="bbox 164 1693 1519 2185">
     <span class='ocr_line' id='line_1_11' title="bbox 164 1693 1519 1786; baseline -0.004 -16"><span class='ocrx_word' id='word_1_94' title='bbox 164 1719 196 1774; x_wconf 88' lang='grc'><strong><em>10</em></strong></span> <span class='ocrx_word' id='word_1_95' title='bbox 213 1705 274 1771; x_wconf 93' lang='grc' dir='ltr'><strong><em>ποί</em></strong></span> <span class='ocrx_word' id='word_1_96' title='bbox 308 1727 347 1770; x_wconf 93' lang='grc' dir='ltr'><strong><em>τε</em></strong></span> <span class='ocrx_word' id='word_1_97' title='bbox 382 1703 436 1767; x_wconf 81' lang='grc' dir='ltr'><strong><em>καὶ</em></strong></span> <span class='ocrx_word' id='word_1_98' title='bbox 471 1703 638 1777; x_wconf 85' lang='grc' dir='ltr'><strong><em>πλοῦτος·</em></strong></span> <span class='ocrx_word' id='word_1_99' title='bbox 668 1693 721 1784; x_wconf 68' lang='grc' dir='ltr'><strong><em>ως,</em></strong></span> <span class='ocrx_word' id='word_1_100' title='bbox 751 1695 832 1779; x_wconf 85' lang='grc' dir='ltr'><strong><em>τούς</em></strong></span> <span class='ocrx_word' id='word_1_101' title='bbox 861 1703 922 1786; x_wconf 83' lang='grc' dir='ltr'><strong><em>μέν</em></strong></span> <span class='ocrx_word' id='word_1_102' title='bbox 952 1693 1137 1786; x_wconf 77' lang='grc' dir='ltr'><strong><em>ἀπήγαγον,</em></strong></span> <span class='ocrx_word' id='word_1_103' title='bbox 1168 1693 1231 1777; x_wconf 87' lang='grc' dir='ltr'><strong><em>τάς</em></strong></span> <span class='ocrx_word' id='word_1_104' title='bbox 1261 1699 1297 1766; x_wconf 83' lang='grc' dir='ltr'><strong><em>δὲ</em></strong></span> <span class='ocrx_word' id='word_1_105' title='bbox 1323 1699 1519 1784; x_wconf 90' lang='grc' dir='ltr'><strong><em>ἐνέπρησαν.</em></strong></span> 
     </span>
     <span class='ocr_line' id='line_1_12' title="bbox 212 1790 1519 1886; baseline -0.005 -16"><span class='ocrx_word' id='word_1_106' title='bbox 212 1795 472 1886; x_wconf 90' lang='grc' dir='ltr'><strong><em>καταισχύνει</em></strong></span> <span class='ocrx_word' id='word_1_107' title='bbox 493 1793 613 1878; x_wconf 79' lang='grc' dir='ltr'><strong><em>δὲτὰς</em></strong></span> <span class='ocrx_word' id='word_1_108' title='bbox 634 1800 689 1866; x_wconf 88' lang='grc' dir='ltr'><strong><em>ἐπὶ</em></strong></span> <span class='ocrx_word' id='word_1_109' title='bbox 710 1801 864 1886; x_wconf 73' lang='grc' dir='ltr'><strong><em>δαίμοσιν</em></strong></span> <span class='ocrx_word' id='word_1_110' title='bbox 891 1800 1055 1878; x_wconf 86' lang='grc' dir='ltr'><strong><em>ἐλπίδας</em></strong></span> <span class='ocrx_word' id='word_1_111' title='bbox 1082 1790 1102 1886; x_wconf 82' lang='grc' dir='ltr'><em>ἦ</em></span> <span class='ocrx_word' id='word_1_112' title='bbox 1125 1791 1290 1884; x_wconf 82' lang='grc' dir='ltr'><strong><em>συμφορά·</em></strong></span> <span class='ocrx_word' id='word_1_113' title='bbox 1323 1790 1363 1884; x_wconf 78' lang='grc' dir='ltr'><strong><em>»ἦ</em></strong></span> <span class='ocrx_word' id='word_1_114' title='bbox 1385 1799 1437 1866; x_wconf 80' lang='grc' dir='ltr'><strong><em>δέι</em></strong></span> <span class='ocrx_word' id='word_1_115' title='bbox 1462 1797 1519 1866; x_wconf 84' lang='grc' dir='ltr'><strong><em>ἐπὶ</em></strong></span> 
     </span>
     <span class='ocr_line' id='line_1_13' title="bbox 213 1889 1518 1985; baseline -0.004 -16"><span class='ocrx_word' id='word_1_116' title='bbox 213 1897 298 1970; x_wconf 76' lang='grc' dir='ltr'><strong><em>θεὸν</em></strong></span> <span class='ocrx_word' id='word_1_117' title='bbox 323 1902 435 1978; x_wconf 73' lang='grc' dir='ltr'><strong><em>»ἐλπὶς</em></strong></span> <span class='ocrx_word' id='word_1_118' title='bbox 458 1892 498 1969; x_wconf 90' lang='grc' dir='ltr'><strong><em>ού</em></strong></span> <span class='ocrx_word' id='word_1_119' title='bbox 519 1894 758 1984; x_wconf 65' lang='grc' dir='ltr'><strong><em>καταισχύνετε.</em></strong></span> <span class='ocrx_word' id='word_1_120' title='bbox 788 1901 824 1967; x_wconf 87' lang='grc' dir='ltr'><strong><em>ἐν</em></strong></span> <span class='ocrx_word' id='word_1_121' title='bbox 847 1901 883 1966; x_wconf 82' lang='grc' dir='ltr'><strong><em>δέ</em></strong></span> <span class='ocrx_word' id='word_1_122' title='bbox 903 1902 946 1984; x_wconf 78' lang='grc' dir='ltr'><strong><em>τῇ</em></strong></span> <span class='ocrx_word' id='word_1_123' title='bbox 962 1893 1120 1983; x_wconf 82' lang='grc' dir='ltr'><strong><em>Βαιδὴλ</em></strong></span> <span class='ocrx_word' id='word_1_124' title='bbox 1142 1896 1258 1985; x_wconf 78' lang='grc' dir='ltr'><strong><em>ἔστησε</em></strong></span> <span class='ocrx_word' id='word_1_125' title='bbox 1280 1892 1341 1977; x_wconf 82' lang='grc' dir='ltr'><strong><em>τὰς</em></strong></span> <span class='ocrx_word' id='word_1_126' title='bbox 1363 1889 1518 1982; x_wconf 82' lang='grc' dir='ltr'><strong><em>δαμάλεις</em></strong></span> 
     </span>
     <span class='ocr_line' id='line_1_14' title="bbox 215 1989 1519 2087; baseline -0.004 -18"><span class='ocrx_word' id='word_1_127' title='bbox 215 1990 421 2087; x_wconf 80' lang='grc' dir='ltr'><strong><em>δἹεροβοάμ</em></strong></span> <span class='ocrx_word' id='word_1_128' title='bbox 444 2001 482 2066; x_wconf 89' lang='grc' dir='ltr'><strong><em>ἐν</em></strong></span> <span class='ocrx_word' id='word_1_129' title='bbox 502 2003 545 2086; x_wconf 82' lang='grc' dir='ltr'><strong><em>τῇ</em></strong></span> <span class='ocrx_word' id='word_1_130' title='bbox 567 2001 749 2086; x_wconf 81' lang='grc' dir='ltr'><strong><em>Σαμαρείᾳ.</em></strong></span> <span class='ocrx_word' id='word_1_131' title='bbox 790 1991 851 2082; x_wconf 88' lang='grc' dir='ltr'><strong><em>ούχ</em></strong></span> <span class='ocrx_word' id='word_1_132' title='bbox 877 1989 896 2067; x_wconf 83' lang='grc' dir='ltr'>ὁ</span> <span class='ocrx_word' id='word_1_133' title='bbox 924 2001 1056 2084; x_wconf 79' lang='grc' dir='ltr'><strong><em>λέγων</em></strong></span> <span class='ocrx_word' id='word_1_134' title='bbox 1082 2000 1118 2065; x_wconf 82' lang='grc' dir='ltr'><strong><em>δέ</em></strong></span> <span class='ocrx_word' id='word_1_135' title='bbox 1144 1993 1303 2083; x_wconf 82' lang='grc' dir='ltr'><strong><em>ἰσχυρὸς</em></strong></span> <span class='ocrx_word' id='word_1_136' title='bbox 1331 1995 1433 2065; x_wconf 93' lang='grc' dir='ltr'><strong><em>είναι</em></strong></span> <span class='ocrx_word' id='word_1_137' title='bbox 1455 1991 1519 2083; x_wconf 81' lang='grc' dir='ltr'><strong><em>οῴ·</em></strong></span> 
     </span>
     <span class='ocr_line' id='line_1_15' title="bbox 216 2087 1518 2185; baseline -0.005 -17"><span class='ocrx_word' id='word_1_138' title='bbox 216 2109 315 2182; x_wconf 76' lang='grc' dir='ltr'><strong><em>ςεται.</em></strong></span> <span class='ocrx_word' id='word_1_139' title='bbox 361 2093 436 2167; x_wconf 74' lang='grc' dir='ltr'><strong><em>»ούι</em></strong></span> <span class='ocrx_word' id='word_1_140' title='bbox 470 2094 533 2184; x_wconf 85' lang='grc' dir='ltr'><strong><em>γάρ</em></strong></span> <span class='ocrx_word' id='word_1_141' title='bbox 567 2093 727 2185; x_wconf 77' lang='grc' dir='ltr'><strong><em>»σῴζεται</em></strong></span> <span class='ocrx_word' id='word_1_142' title='bbox 756 2095 908 2179; x_wconf 82' lang='grc' dir='ltr'><strong><em>βασιλεὺς</em></strong></span> <span class='ocrx_word' id='word_1_143' title='bbox 939 2094 994 2166; x_wconf 85' lang='grc' dir='ltr'><strong><em>διὰ</em></strong></span> <span class='ocrx_word' id='word_1_144' title='bbox 1022 2093 1158 2183; x_wconf 85' lang='grc' dir='ltr'><strong><em>πολλὴν</em></strong></span> <span class='ocrx_word' id='word_1_145' title='bbox 1184 2093 1355 2182; x_wconf 73' lang='grc' dir='ltr'><strong><em>δύναμινι.</em></strong></span> <span class='ocrx_word' id='word_1_146' title='bbox 1398 2087 1518 2182; x_wconf 76' lang='grc' dir='ltr'><strong><em>ἡμέρα</em></strong></span> 
     </span>
    </p>

    <p class='ocr_par' dir='ltr' id='par_1_6' title="bbox 164 2188 1520 2584">
     <span class='ocr_line' id='line_1_16' title="bbox 164 2188 1520 2284; baseline -0.007 -16"><span class='ocrx_word' id='word_1_147' title='bbox 164 2216 196 2268; x_wconf 83' lang='grc'><strong><em>15</em></strong></span> <span class='ocrx_word' id='word_1_148' title='bbox 215 2201 250 2268; x_wconf 79' lang='grc' dir='ltr'><strong><em>δέ</em></strong></span> <span class='ocrx_word' id='word_1_149' title='bbox 272 2194 395 2280; x_wconf 86' lang='grc' dir='ltr'><strong><em>Μωάβ</em></strong></span> <span class='ocrx_word' id='word_1_150' title='bbox 422 2200 484 2284; x_wconf 80' lang='grc' dir='ltr'><strong><em>τῆς</em></strong></span> <span class='ocrx_word' id='word_1_151' title='bbox 512 2191 685 2276; x_wconf 84' lang='grc' dir='ltr'><strong><em>κολάσεως</em></strong></span> <span class='ocrx_word' id='word_1_152' title='bbox 717 2188 892 2284; x_wconf 82' lang='grc' dir='ltr'><strong><em>δκαιρύς,</em></strong></span> <span class='ocrx_word' id='word_1_153' title='bbox 920 2201 1094 2283; x_wconf 85' lang='grc' dir='ltr'><strong><em>πονηρία</em></strong></span> <span class='ocrx_word' id='word_1_154' title='bbox 1120 2199 1156 2266; x_wconf 85' lang='grc' dir='ltr'><strong><em>δέ</em></strong></span> <span class='ocrx_word' id='word_1_155' title='bbox 1187 2191 1230 2264; x_wconf 85' lang='grc' dir='ltr'><strong><em>τά</em></strong></span> <span class='ocrx_word' id='word_1_156' title='bbox 1256 2189 1520 2280; x_wconf 82' lang='grc' dir='ltr'><strong><em>καταληφδμενα</em></strong></span> 
     </span>
     <span class='ocr_line' id='line_1_17' title="bbox 214 2286 1517 2383; baseline -0.005 -17"><span class='ocrx_word' id='word_1_157' title='bbox 214 2301 343 2367; x_wconf 84' lang='grc' dir='ltr'><strong><em>τοῦτον</em></strong></span> <span class='ocrx_word' id='word_1_158' title='bbox 365 2299 518 2367; x_wconf 89' lang='grc' dir='ltr'><strong><em>ἐπίπονα.</em></strong></span> <span class='ocrx_word' id='word_1_159' title='bbox 561 2290 653 2380; x_wconf 77' lang='grc' dir='ltr'><strong><em>ἄξιοί</em></strong></span> <span class='ocrx_word' id='word_1_160' title='bbox 677 2297 712 2364; x_wconf 81' lang='grc' dir='ltr'><strong><em>δὲ</em></strong></span> <span class='ocrx_word' id='word_1_161' title='bbox 734 2294 814 2376; x_wconf 87' lang='grc' dir='ltr'><strong><em>τούς</em></strong></span> <span class='ocrx_word' id='word_1_162' title='bbox 840 2293 974 2383; x_wconf 88' lang='grc' dir='ltr'><strong><em>κύκλῳ</em></strong></span> <span class='ocrx_word' id='word_1_163' title='bbox 1001 2291 1156 2376; x_wconf 88' lang='grc' dir='ltr'><strong><em>πάντας</em></strong></span> <span class='ocrx_word' id='word_1_164' title='bbox 1177 2296 1387 2381; x_wconf 86' lang='grc' dir='ltr'><strong><em>ἐπεμβαίνειν</em></strong></span> <span class='ocrx_word' id='word_1_165' title='bbox 1410 2286 1517 2382; x_wconf 80' lang='grc' dir='ltr'><strong><em>αύτῷ·</em></strong></span> 
     </span>
     <span class='ocr_line' id='line_1_18' title="bbox 214 2385 1519 2484; baseline -0.005 -19"><span class='ocrx_word' id='word_1_166' title='bbox 214 2400 319 2466; x_wconf 88' lang='grc' dir='ltr'><strong><em>τοῦτο</em></strong></span> <span class='ocrx_word' id='word_1_167' title='bbox 340 2392 403 2484; x_wconf 85' lang='grc' dir='ltr'><strong><em>γάρ</em></strong></span> <span class='ocrx_word' id='word_1_168' title='bbox 426 2391 467 2466; x_wconf 81' lang='grc' dir='ltr'><strong><em>τὸ</em></strong></span> <span class='ocrx_word' id='word_1_169' title='bbox 488 2392 693 2484; x_wconf 82' lang='grc' dir='ltr'><strong><em>κινήοατε,</em></strong></span> <span class='ocrx_word' id='word_1_170' title='bbox 716 2390 879 2482; x_wconf 89' lang='grc' dir='ltr'><strong><em>δηλονότι</em></strong></span> <span class='ocrx_word' id='word_1_171' title='bbox 899 2392 986 2484; x_wconf 86' lang='grc' dir='ltr'><strong><em>πρὸς</em></strong></span> <span class='ocrx_word' id='word_1_172' title='bbox 1001 2391 1160 2480; x_wconf 82' lang='grc' dir='ltr'><strong><em>αἰσχύνην</em></strong></span> <span class='ocrx_word' id='word_1_173' title='bbox 1173 2398 1228 2462; x_wconf 81' lang='grc' dir='ltr'><strong><em>καὶ</em></strong></span> <span class='ocrx_word' id='word_1_174' title='bbox 1245 2389 1364 2479; x_wconf 90' lang='grc' dir='ltr'><strong><em>λύπην,</em></strong></span> <span class='ocrx_word' id='word_1_175' title='bbox 1385 2385 1519 2479; x_wconf 69' lang='grc' dir='ltr'><strong><em>»ὑπερη-</em></strong></span> 
     </span>
     <span class='ocr_line' id='line_1_19' title="bbox 215 2488 844 2584; baseline -0.01 -18"><span class='ocrx_word' id='word_1_176' title='bbox 215 2491 336 2580; x_wconf 84' lang='grc' dir='ltr'><strong><em>φάνοις</em></strong></span> <span class='ocrx_word' id='word_1_177' title='bbox 356 2493 420 2584; x_wconf 82' lang='grc' dir='ltr'><strong><em>γάρ</em></strong></span> <span class='ocrx_word' id='word_1_178' title='bbox 442 2488 462 2565; x_wconf 79' lang='grc' dir='ltr'>ὁ</span> <span class='ocrx_word' id='word_1_179' title='bbox 484 2492 566 2576; x_wconf 75' lang='grc' dir='ltr'><strong><em>θεὸς</em></strong></span> <span class='ocrx_word' id='word_1_180' title='bbox 588 2489 844 2566; x_wconf 85' lang='grc' dir='ltr'><strong><em>άντιτάσσειακ.</em></strong></span> 
     </span>
    </p>
   </div>
   <div class='ocr_carea' id='block_1_4' title="bbox 632 2726 1100 2810">
    <p class='ocr_par' dir='ltr' id='par_1_7' title="bbox 632 2726 1100 2810">
     <span class='ocr_line' id='line_1_20' title="bbox 632 2726 1100 2810; baseline 0.002 -16"><span class='ocrx_word' id='word_1_181' title='bbox 632 2726 689 2796; x_wconf 87' lang='lat' dir='ltr'><strong><em>Nr.</em></strong></span> <span class='ocrx_word' id='word_1_182' title='bbox 709 2729 818 2797; x_wconf 84' lang='lat' dir='ltr'><strong>XLVL</strong></span> <span class='ocrx_word' id='word_1_183' title='bbox 859 2730 974 2797; x_wconf 86' lang='lat' dir='ltr'><strong>Jerem.</strong></span> <span class='ocrx_word' id='word_1_184' title='bbox 989 2736 1037 2810; x_wconf 83' lang='lat'><strong><em>31,</em></strong></span> <span class='ocrx_word' id='word_1_185' title='bbox 1051 2735 1100 2797; x_wconf 84' lang='lat'><strong><em>25.</em></strong></span> 
     </span>
    </p>
   </div>
   <div class='ocr_carea' id='block_1_5' title="bbox 164 2845 1520 3064">
    <p class='ocr_par' dir='ltr' id='par_1_8' title="bbox 164 2845 1520 3064">
     <span class='ocr_line' id='line_1_21' title="bbox 164 2845 1520 2965; baseline -0.007 -15"><span class='ocrx_word' id='word_1_186' title='bbox 164 2895 198 2950; x_wconf 83' lang='lat'><strong><em>20</em></strong></span> <span class='ocrx_word' id='word_1_187' title='bbox 297 2881 384 2964; x_wconf 88' lang='grc'><strong><em>(123)</em></strong></span> <span class='ocrx_word' id='word_1_188' title='bbox 406 2845 650 2964; x_wconf 37' lang='grc' dir='ltr'><strong><em>’Ἐπεχείριον</em></strong></span> <span class='ocrx_word' id='word_1_189' title='bbox 676 2869 699 2964; x_wconf 78' lang='grc' dir='ltr'><em>ἢ</em></span> <span class='ocrx_word' id='word_1_190' title='bbox 724 2872 766 2947; x_wconf 89' lang='grc' dir='ltr'><strong><em>τὸ</em></strong></span> <span class='ocrx_word' id='word_1_191' title='bbox 789 2881 964 2964; x_wconf 81' lang='grc' dir='ltr'><strong><em>σκῆπτρον</em></strong></span> <span class='ocrx_word' id='word_1_192' title='bbox 989 2881 1189 2965; x_wconf 88' lang='grc' dir='ltr'><strong><em>παρίστησιν</em></strong></span> <span class='ocrx_word' id='word_1_193' title='bbox 1215 2868 1238 2964; x_wconf 72' lang='grc' dir='ltr'><em>ἢ</em></span> <span class='ocrx_word' id='word_1_194' title='bbox 1264 2872 1344 2954; x_wconf 80' lang='grc' dir='ltr'><strong><em>τούς</em></strong></span> <span class='ocrx_word' id='word_1_195' title='bbox 1365 2869 1433 2943; x_wconf 83' lang='grc' dir='ltr'><strong><em>ύπδ</em></strong></span> <span class='ocrx_word' id='word_1_196' title='bbox 1455 2869 1520 2960; x_wconf 78' lang='grc' dir='ltr'><strong><em>τὴν</em></strong></span> 
     </span>
     <span class='ocr_line' id='line_1_22' title="bbox 216 2968 1152 3064; baseline 0.003 -20"><span class='ocrx_word' id='word_1_197' title='bbox 216 2970 322 3064; x_wconf 82' lang='grc' dir='ltr'><strong><em>ἀρχὴν</em></strong></span> <span class='ocrx_word' id='word_1_198' title='bbox 343 2969 364 3063; x_wconf 81' lang='grc' dir='ltr'><em>ἢ</em></span> <span class='ocrx_word' id='word_1_199' title='bbox 386 2973 467 3057; x_wconf 87' lang='grc' dir='ltr'><strong><em>τούς</em></strong></span> <span class='ocrx_word' id='word_1_200' title='bbox 488 2971 697 3064; x_wconf 76' lang='grc' dir='ltr'><strong><em>μισθωτούς·</em></strong></span> <span class='ocrx_word' id='word_1_201' title='bbox 725 2978 874 3063; x_wconf 83' lang='grc' dir='ltr'><strong><em>ἐπίχειρα</em></strong></span> <span class='ocrx_word' id='word_1_202' title='bbox 895 2973 958 3064; x_wconf 88' lang='grc' dir='ltr'><strong><em>γάρ</em></strong></span> <span class='ocrx_word' id='word_1_203' title='bbox 980 2968 1000 3047; x_wconf 83' lang='grc' dir='ltr'><strong><em>δ</em></strong></span> <span class='ocrx_word' id='word_1_204' title='bbox 1021 2971 1152 3064; x_wconf 79' lang='grc' dir='ltr'><strong><em>μισθός.</em></strong></span> 
     </span>
    </p>
   </div>
   <div class='ocr_carea' id='block_1_6' title="bbox 585 3209 1153 3289">
    <p class='ocr_par' dir='ltr' id='par_1_9' title="bbox 585 3209 1153 3289">
     <span class='ocr_line' id='line_1_23' title="bbox 585 3209 1153 3289; baseline 0 -13"><span class='ocrx_word' id='word_1_205' title='bbox 585 3209 641 3276; x_wconf 90' lang='lat' dir='ltr'><strong><em>Nr.</em></strong></span> <span class='ocrx_word' id='word_1_206' title='bbox 662 3210 787 3278; x_wconf 87' lang='lat' dir='ltr'>XLVII.</span> <span class='ocrx_word' id='word_1_207' title='bbox 828 3212 943 3278; x_wconf 86' lang='lat' dir='ltr'><strong>Jerem.</strong></span> <span class='ocrx_word' id='word_1_208' title='bbox 959 3219 1006 3289; x_wconf 88' lang='grc'><strong><em>31,</em></strong></span> <span class='ocrx_word' id='word_1_209' title='bbox 1022 3215 1153 3280; x_wconf 84' lang='grc'><strong><em>26-28.</em></strong></span> 
     </span>
    </p>
   </div>
   <div class='ocr_carea' id='block_1_7' title="bbox 166 3351 1522 3845">
    <p class='ocr_par' dir='ltr' id='par_1_10' title="bbox 299 3351 1520 3448">
     <span class='ocr_line' id='line_1_24' title="bbox 299 3351 1520 3448; baseline -0.005 -20"><span class='ocrx_word' id='word_1_210' title='bbox 299 3361 384 3446; x_wconf 88' lang='grc'><strong><em>(124)</em></strong></span> <span class='ocrx_word' id='word_1_211' title='bbox 417 3351 693 3446; x_wconf 78' lang='grc' dir='ltr'><strong><em>Ἑπικροτὴσει</em></strong></span> <span class='ocrx_word' id='word_1_212' title='bbox 722 3377 810 3441; x_wconf 77' lang='grc' dir='ltr'><strong><em>ταῖς</em></strong></span> <span class='ocrx_word' id='word_1_213' title='bbox 837 3365 986 3446; x_wconf 85' lang='grc' dir='ltr'><strong><em>χερσίν,</em></strong></span> <span class='ocrx_word' id='word_1_214' title='bbox 1019 3357 1071 3441; x_wconf 79' lang='grc' dir='ltr'><strong><em>αἷς</em></strong></span> <span class='ocrx_word' id='word_1_215' title='bbox 1101 3362 1283 3448; x_wconf 87' lang='grc' dir='ltr'><strong><em>ἐπιχαίρων</em></strong></span> <span class='ocrx_word' id='word_1_216' title='bbox 1316 3362 1368 3448; x_wconf 80' lang='grc' dir='ltr'><strong><em>τῷ</em></strong></span> <span class='ocrx_word' id='word_1_217' title='bbox 1394 3352 1520 3445; x_wconf 76' lang='grc' dir='ltr'><strong><em>Ἰσραὴλ</em></strong></span> 
     </span>
    </p>

    <p class='ocr_par' dir='ltr' id='par_1_11' title="bbox 166 3452 1522 3845">
     <span class='ocr_line' id='line_1_25' title="bbox 216 3452 1521 3546; baseline -0.003 -18"><span class='ocrx_word' id='word_1_218' title='bbox 216 3463 272 3529; x_wconf 84' lang='grc' dir='ltr'><strong><em>καὶ</em></strong></span> <span class='ocrx_word' id='word_1_219' title='bbox 301 3454 389 3528; x_wconf 85' lang='grc' dir='ltr'><strong><em>κατά</em></strong></span> <span class='ocrx_word' id='word_1_220' title='bbox 420 3461 505 3528; x_wconf 76' lang='grc' dir='ltr'><strong><em>θεοῦ</em></strong></span> <span class='ocrx_word' id='word_1_221' title='bbox 531 3452 785 3545; x_wconf 77' lang='grc' dir='ltr'><strong><em>θρασυνόμενος</em></strong></span> <span class='ocrx_word' id='word_1_222' title='bbox 810 3454 992 3546; x_wconf 86' lang='grc' dir='ltr'><strong><em>ἐπεκράτει.</em></strong></span> <span class='ocrx_word' id='word_1_223' title='bbox 1035 3461 1068 3529; x_wconf 80' lang='grc' dir='ltr'><strong><em>ολ</em></strong></span> <span class='ocrx_word' id='word_1_224' title='bbox 1090 3462 1125 3530; x_wconf 81' lang='grc' dir='ltr'><strong><em>δὲ</em></strong></span> <span class='ocrx_word' id='word_1_225' title='bbox 1145 3475 1230 3540; x_wconf 76' lang='grc' dir='ltr'><strong><em>&gt;τοίς</em></strong></span> <span class='ocrx_word' id='word_1_226' title='bbox 1253 3452 1443 3546; x_wconf 79' lang='grc' dir='ltr'><strong><em>ὀχυρώμασι</em></strong></span> <span class='ocrx_word' id='word_1_227' title='bbox 1464 3483 1521 3526; x_wconf 90' lang='grc' dir='ltr'><strong><em>πε-</em></strong></span> 
     </span>
     <span class='ocr_line' id='line_1_26' title="bbox 166 3551 1521 3646; baseline -0.002 -18"><span class='ocrx_word' id='word_1_228' title='bbox 166 3581 199 3636; x_wconf 87' lang='lat'><strong><em>25</em></strong></span> <span class='ocrx_word' id='word_1_229' title='bbox 216 3552 393 3639; x_wconf 76' lang='grc' dir='ltr'><strong><em>ποιθύτες&lt;</em></strong></span> <span class='ocrx_word' id='word_1_230' title='bbox 418 3562 492 3626; x_wconf 79' lang='grc' dir='ltr'><strong><em>τῶν</em></strong></span> <span class='ocrx_word' id='word_1_231' title='bbox 518 3551 669 3641; x_wconf 83' lang='grc' dir='ltr'><strong><em>πόλεων,</em></strong></span> <span class='ocrx_word' id='word_1_232' title='bbox 693 3556 820 3640; x_wconf 87' lang='grc' dir='ltr'><strong><em>ταύτας</em></strong></span> <span class='ocrx_word' id='word_1_233' title='bbox 842 3553 986 3644; x_wconf 85' lang='grc' dir='ltr'><strong><em>άφέντες</em></strong></span> <span class='ocrx_word' id='word_1_234' title='bbox 1012 3560 1054 3627; x_wconf 87' lang='grc' dir='ltr'><strong><em>ἐν</em></strong></span> <span class='ocrx_word' id='word_1_235' title='bbox 1075 3563 1240 3644; x_wconf 85' lang='grc' dir='ltr'><strong><em>πέτραις</em></strong></span> <span class='ocrx_word' id='word_1_236' title='bbox 1262 3553 1395 3646; x_wconf 77' lang='grc' dir='ltr'><strong><em>ᾤκουν</em></strong></span> <span class='ocrx_word' id='word_1_237' title='bbox 1415 3583 1521 3644; x_wconf 90' lang='grc' dir='ltr'><strong><em>παρα-</em></strong></span> 
     </span>
     <span class='ocr_line' id='line_1_27' title="bbox 216 3651 1521 3746; baseline 0.001 -21"><span class='ocrx_word' id='word_1_238' title='bbox 216 3662 381 3744; x_wconf 82' lang='grc' dir='ltr'><strong><em>κειμένοις</em></strong></span> <span class='ocrx_word' id='word_1_239' title='bbox 403 3673 476 3737; x_wconf 80' lang='grc' dir='ltr'><strong><em>ταῖς</em></strong></span> <span class='ocrx_word' id='word_1_240' title='bbox 491 3651 667 3745; x_wconf 75' lang='grc' dir='ltr'><strong><em>φάραγξιν,</em></strong></span> <span class='ocrx_word' id='word_1_241' title='bbox 690 3655 887 3745; x_wconf 91' lang='grc' dir='ltr'><strong><em>μιμούμενοι</em></strong></span> <span class='ocrx_word' id='word_1_242' title='bbox 909 3654 1144 3746; x_wconf 84' lang='grc' dir='ltr'><strong><em>περιστερὰς</em></strong></span> <span class='ocrx_word' id='word_1_243' title='bbox 1165 3654 1253 3728; x_wconf 84' lang='grc' dir='ltr'><strong><em>κατά</em></strong></span> <span class='ocrx_word' id='word_1_244' title='bbox 1268 3656 1333 3746; x_wconf 86' lang='grc' dir='ltr'><strong><em>τὴν</em></strong></span> <span class='ocrx_word' id='word_1_245' title='bbox 1347 3651 1521 3743; x_wconf 76' lang='grc' dir='ltr'><strong><em>ἀσέλγειαν</em></strong></span> 
     </span>
     <span class='ocr_line' id='line_1_28' title="bbox 216 3745 1522 3845; baseline 0 -20"><span class='ocrx_word' id='word_1_246' title='bbox 216 3762 272 3825; x_wconf 86' lang='grc' dir='ltr'><strong><em>καὶ</em></strong></span> <span class='ocrx_word' id='word_1_247' title='bbox 297 3753 385 3824; x_wconf 84' lang='grc' dir='ltr'><strong><em>κατά</em></strong></span> <span class='ocrx_word' id='word_1_248' title='bbox 413 3753 476 3843; x_wconf 85' lang='grc' dir='ltr'><strong><em>τὴν</em></strong></span> <span class='ocrx_word' id='word_1_249' title='bbox 503 3753 632 3826; x_wconf 84' lang='grc' dir='ltr'><strong><em>ἄνοιαν.</em></strong></span> <span class='ocrx_word' id='word_1_250' title='bbox 674 3754 907 3843; x_wconf 86' lang='grc' dir='ltr'><strong><em>ἐμφωλεύουσι</em></strong></span> <span class='ocrx_word' id='word_1_251' title='bbox 932 3755 995 3845; x_wconf 87' lang='grc' dir='ltr'><strong><em>γάρ</em></strong></span> <span class='ocrx_word' id='word_1_252' title='bbox 1022 3751 1093 3828; x_wconf 74' lang='grc' dir='ltr'><strong><em>ἐσθ’</em></strong></span> <span class='ocrx_word' id='word_1_253' title='bbox 1117 3749 1176 3828; x_wconf 82' lang='grc' dir='ltr'><strong><em>ὅτε</em></strong></span> <span class='ocrx_word' id='word_1_254' title='bbox 1201 3752 1336 3842; x_wconf 87' lang='grc' dir='ltr'><strong><em>τόποις,</em></strong></span> <span class='ocrx_word' id='word_1_255' title='bbox 1360 3759 1395 3841; x_wconf 76' lang='grc' dir='ltr'><strong><em>ἐξ</em></strong></span> <span class='ocrx_word' id='word_1_256' title='bbox 1417 3745 1468 3825; x_wconf 74' lang='grc' dir='ltr'><strong><em>ὦν</em></strong></span> <span class='ocrx_word' id='word_1_257' title='bbox 1489 3758 1522 3825; x_wconf 83' lang='grc' dir='ltr'><strong><em>οί</em></strong></span> 
     </span>
    </p>
   </div>
   <div class='ocr_carea' id='block_1_8' title="bbox 218 3921 1522 4329">
    <p class='ocr_par' dir='ltr' id='par_1_12' title="bbox 218 3921 1522 4329">
     <span class='ocr_line' id='line_1_29' title="bbox 303 3921 1522 3996; baseline 0.002 -18"><span class='ocrx_word' id='word_1_258' title='bbox 303 3925 321 3978; x_wconf 83' lang='grc'><strong><em>3</em></strong></span> <span class='ocrx_word' id='word_1_259' title='bbox 340 3923 404 3992; x_wconf 73' lang='lat' dir='ltr'><strong>vgl.</strong></span> <span class='ocrx_word' id='word_1_260' title='bbox 422 3924 554 3994; x_wconf 78' lang='lat' dir='ltr'><strong>Hexeple.</strong></span> <span class='ocrx_word' id='word_1_261' title='bbox 572 3954 606 3963; x_wconf 93' lang='lat'><em>-</em></span> <span class='ocrx_word' id='word_1_262' title='bbox 624 3924 643 3978; x_wconf 99' lang='lat'>4</span> <span class='ocrx_word' id='word_1_263' title='bbox 662 3923 724 3994; x_wconf 82' lang='lat' dir='ltr'>Vgl.</span> <span class='ocrx_word' id='word_1_264' title='bbox 743 3925 850 3996; x_wconf 81' lang='lat' dir='ltr'><strong>Olymp.</strong></span> <span class='ocrx_word' id='word_1_265' title='bbox 868 3925 924 3995; x_wconf 83' lang='lat' dir='ltr'><strong><em>(Gh</em></strong></span> <span class='ocrx_word' id='word_1_266' title='bbox 940 3927 974 3992; x_wconf 88' lang='lat' dir='ltr'><strong><em>H,</em></strong></span> <span class='ocrx_word' id='word_1_267' title='bbox 991 3927 1064 3993; x_wconf 84' lang='lat'>838):</span> <span class='ocrx_word' id='word_1_268' title='bbox 1088 3923 1213 3995; x_wconf 81' lang='grc' dir='ltr'><strong><em>ἐνέμεινε</em></strong></span> <span class='ocrx_word' id='word_1_269' title='bbox 1235 3933 1270 3996; x_wconf 77' lang='grc' dir='ltr'><strong><em>τῇ</em></strong></span> <span class='ocrx_word' id='word_1_270' title='bbox 1287 3931 1387 3996; x_wconf 75' lang='grc' dir='ltr'><strong><em>τροπῇ,</em></strong></span> <span class='ocrx_word' id='word_1_271' title='bbox 1407 3924 1475 3993; x_wconf 83' lang='grc' dir='ltr'><strong><em>φησί</em></strong></span> <span class='ocrx_word' id='word_1_272' title='bbox 1492 3921 1522 3980; x_wconf 82' lang='grc' dir='ltr'><strong><em>δέ</em></strong></span> 
     </span>
     <span class='ocr_line' id='line_1_30' title="bbox 218 4004 1521 4080; baseline 0 -18"><span class='ocrx_word' id='word_1_273' title='bbox 218 4004 486 4077; x_wconf 76' lang='grc' dir='ltr'><strong><em>αίχμαλωτιζοντας.</em></strong></span> <span class='ocrx_word' id='word_1_274' title='bbox 515 4039 548 4048; x_wconf 92' lang='grc'>-</span> <span class='ocrx_word' id='word_1_275' title='bbox 581 4008 636 4063; x_wconf 83' lang='grc'><strong><em>711.</em></strong></span> <span class='ocrx_word' id='word_1_276' title='bbox 662 4007 724 4078; x_wconf 79' lang='lat' dir='ltr'><strong>vgl.</strong></span> <span class='ocrx_word' id='word_1_277' title='bbox 743 4010 901 4064; x_wconf 77' lang='lat' dir='ltr'><strong>Athenaeus</strong></span> <span class='ocrx_word' id='word_1_278' title='bbox 923 4010 1050 4080; x_wconf 84' lang='lat' dir='ltr'><strong>Deipnos.</strong></span> <span class='ocrx_word' id='word_1_279' title='bbox 1068 4011 1106 4077; x_wconf 90' lang='grc' dir='ltr'><strong><em>ΙΙ,</em></strong></span> <span class='ocrx_word' id='word_1_280' title='bbox 1128 4011 1208 4066; x_wconf 70' lang='grc'><strong><em>4761).</em></strong></span> <span class='ocrx_word' id='word_1_281' title='bbox 1239 4041 1270 4050; x_wconf 89' lang='grc'>-</span> <span class='ocrx_word' id='word_1_282' title='bbox 1299 4011 1317 4066; x_wconf 84' lang='grc'><strong><em>3</em></strong></span> <span class='ocrx_word' id='word_1_283' title='bbox 1343 4009 1406 4080; x_wconf 81' lang='lat' dir='ltr'><strong>vgl.</strong></span> <span class='ocrx_word' id='word_1_284' title='bbox 1423 4009 1521 4063; x_wconf 84' lang='lat' dir='ltr'><strong>Jerem.</strong></span> 
     </span>
     <span class='ocr_line' id='line_1_31' title="bbox 218 4089 1521 4176; baseline 0 -31"><span class='ocrx_word' id='word_1_285' title='bbox 218 4093 258 4158; x_wconf 88' lang='grc'><strong><em>31,</em></strong></span> <span class='ocrx_word' id='word_1_286' title='bbox 272 4089 324 4176; x_wconf 58' lang='lat' dir='ltr'><strong><em>⁸ll‘?</em></strong></span> <span class='ocrx_word' id='word_1_287' title='bbox 342 4121 375 4130; x_wconf 89' lang='lat'>-</span> <span class='ocrx_word' id='word_1_288' title='bbox 394 4091 431 4146; x_wconf 93' lang='lat' dir='ltr'><strong><em>ll</em></strong></span> <span class='ocrx_word' id='word_1_289' title='bbox 451 4091 772 4172; x_wconf 53' lang='lat' dir='ltr'><strong><em>menaea-12</em></strong></span> <span class='ocrx_word' id='word_1_290' title='bbox 790 4092 854 4164; x_wconf 75' lang='lat' dir='ltr'><strong>vgl.</strong></span> <span class='ocrx_word' id='word_1_291' title='bbox 874 4093 969 4148; x_wconf 76' lang='grc' dir='ltr'><strong><em>ΙΚδο.</em></strong></span> <span class='ocrx_word' id='word_1_292' title='bbox 989 4096 1027 4163; x_wconf 91' lang='grc'><strong><em>12,</em></strong></span> <span class='ocrx_word' id='word_1_293' title='bbox 1046 4097 1087 4150; x_wconf 83' lang='grc'><strong><em>29.</em></strong></span> <span class='ocrx_word' id='word_1_294' title='bbox 1117 4093 1180 4165; x_wconf 82' lang='lat' dir='ltr'>Vgl.</span> <span class='ocrx_word' id='word_1_295' title='bbox 1198 4095 1306 4166; x_wconf 71' lang='lat' dir='ltr'><strong>Olymp.</strong></span> <span class='ocrx_word' id='word_1_296' title='bbox 1324 4095 1379 4163; x_wconf 85' lang='lat' dir='ltr'><strong><em>(Gh</em></strong></span> <span class='ocrx_word' id='word_1_297' title='bbox 1396 4093 1430 4160; x_wconf 90' lang='lat'><strong><em>11,</em></strong></span> <span class='ocrx_word' id='word_1_298' title='bbox 1447 4093 1521 4162; x_wconf 80' lang='lat'><strong>838):</strong></span> 
     </span>
     <span class='ocr_line' id='line_1_32' title="bbox 219 4169 1522 4250; baseline 0.002 -21"><span class='ocrx_word' id='word_1_299' title='bbox 219 4169 249 4229; x_wconf 86' lang='grc' dir='ltr'><strong><em>ἐν</em></strong></span> <span class='ocrx_word' id='word_1_300' title='bbox 266 4177 284 4244; x_wconf 74' lang='grc' dir='ltr'>ᾗ</span> <span class='ocrx_word' id='word_1_301' title='bbox 303 4169 389 4244; x_wconf 83' lang='grc' dir='ltr'><strong><em>ἐστησ</em></strong></span> <span class='ocrx_word' id='word_1_302' title='bbox 405 4193 418 4230; x_wconf 80' lang='grc' dir='ltr'><strong><em>ε</em></strong></span> <span class='ocrx_word' id='word_1_303' title='bbox 436 4173 487 4241; x_wconf 82' lang='grc' dir='ltr'><strong><em>τὰς</em></strong></span> <span class='ocrx_word' id='word_1_304' title='bbox 504 4175 639 4245; x_wconf 81' lang='grc' dir='ltr'><strong><em>δαμάλεις</em></strong></span> <span class='ocrx_word' id='word_1_305' title='bbox 656 4173 672 4231; x_wconf 88' lang='grc' dir='ltr'><strong><em>δ</em></strong></span> <span class='ocrx_word' id='word_1_306' title='bbox 692 4169 850 4250; x_wconf 80' lang='grc' dir='ltr'><strong><em>Ἶεροβοτίμ.</em></strong></span> <span class='ocrx_word' id='word_1_307' title='bbox 869 4208 903 4218; x_wconf 93' lang='grc'><strong>-</strong></span> <span class='ocrx_word' id='word_1_308' title='bbox 923 4178 961 4234; x_wconf 91' lang='lat'><strong><em>14</em></strong></span> <span class='ocrx_word' id='word_1_309' title='bbox 979 4178 1050 4232; x_wconf 80' lang='lat' dir='ltr'><strong>Peel.</strong></span> <span class='ocrx_word' id='word_1_310' title='bbox 1069 4179 1110 4246; x_wconf 83' lang='lat'><strong><em>32,</em></strong></span> <span class='ocrx_word' id='word_1_311' title='bbox 1130 4181 1170 4233; x_wconf 88' lang='lat'><strong><em>16.</em></strong></span> <span class='ocrx_word' id='word_1_312' title='bbox 1187 4209 1221 4219; x_wconf 92' lang='lat'>-</span> <span class='ocrx_word' id='word_1_313' title='bbox 1240 4177 1277 4235; x_wconf 70' lang='grc'><strong><em>13</em></strong></span> <span class='ocrx_word' id='word_1_314' title='bbox 1297 4179 1361 4247; x_wconf 77' lang='lat' dir='ltr'>vgl.</span> <span class='ocrx_word' id='word_1_315' title='bbox 1380 4179 1437 4233; x_wconf 75' lang='lat' dir='ltr'><strong>Jee.</strong></span> <span class='ocrx_word' id='word_1_316' title='bbox 1455 4181 1480 4245; x_wconf 81' lang='lat'><strong><em>4,</em></strong></span> <span class='ocrx_word' id='word_1_317' title='bbox 1498 4180 1522 4234; x_wconf 83' lang='lat'><strong><em>6.</em></strong></span> 
     </span>
     <span class='ocr_line' id='line_1_33' title="bbox 218 4258 610 4329; baseline 0.003 -16"><span class='ocrx_word' id='word_1_318' title='bbox 218 4289 252 4297; x_wconf 94' lang='lat'>-</span> <span class='ocrx_word' id='word_1_319' title='bbox 270 4259 310 4313; x_wconf 78' lang='grc'><strong><em>24</em></strong></span> <span class='ocrx_word' id='word_1_320' title='bbox 332 4258 392 4329; x_wconf 80' lang='lat' dir='ltr'><strong>vgl.</strong></span> <span class='ocrx_word' id='word_1_321' title='bbox 410 4258 508 4314; x_wconf 82' lang='lat' dir='ltr'><strong>Jerem.</strong></span> <span class='ocrx_word' id='word_1_322' title='bbox 526 4261 568 4326; x_wconf 82' lang='lat'><strong><em>31,</em></strong></span> <span class='ocrx_word' id='word_1_323' title='bbox 587 4264 610 4316; x_wconf 79' lang='lat'><strong><em>7.</em></strong></span> 
     </span>
    </p>
   </div>
   <div class='ocr_carea' id='block_1_9' title="bbox 218 4408 1523 4738">
    <p class='ocr_par' dir='ltr' id='par_1_13' title="bbox 218 4408 1523 4738">
     <span class='ocr_line' id='line_1_34' title="bbox 303 4408 1522 4485; baseline 0.002 -21"><span class='ocrx_word' id='word_1_324' title='bbox 303 4408 322 4464; x_wconf 90' lang='grc'><strong><em>2</em></strong></span> <span class='ocrx_word' id='word_1_325' title='bbox 340 4409 482 4464; x_wconf 87' lang='grc' dir='ltr'><strong><em>κλίνουοιν</em></strong></span> <span class='ocrx_word' id='word_1_326' title='bbox 500 4427 516 4464; x_wconf 93' lang='lat' dir='ltr'>o</span> <span class='ocrx_word' id='word_1_327' title='bbox 540 4411 544 4479; x_wconf 93' lang='grc' dir='ltr'>Ι</span> <span class='ocrx_word' id='word_1_328' title='bbox 567 4409 734 4466; x_wconf 84' lang='grc' dir='ltr'><strong><em>λεπτύνουσι</em></strong></span> <span class='ocrx_word' id='word_1_329' title='bbox 752 4428 768 4465; x_wconf 93' lang='grc' dir='ltr'><strong><em>ο</em></strong></span> <span class='ocrx_word' id='word_1_330' title='bbox 792 4413 797 4479; x_wconf 94' lang='grc' dir='ltr'>Ι</span> <span class='ocrx_word' id='word_1_331' title='bbox 821 4411 840 4466; x_wconf 77' lang='lat'><em>8</em></span> <span class='ocrx_word' id='word_1_332' title='bbox 860 4409 1034 4485; x_wconf 85' lang='grc' dir='ltr'><strong><em>στρὼσουαιν</em></strong></span> <span class='ocrx_word' id='word_1_333' title='bbox 1051 4432 1067 4468; x_wconf 93' lang='grc' dir='ltr'><strong><em>ο</em></strong></span> <span class='ocrx_word' id='word_1_334' title='bbox 1085 4433 1119 4468; x_wconf 83' lang='lat' dir='ltr'><strong><em>w.</em></strong></span> <span class='ocrx_word' id='word_1_335' title='bbox 1132 4430 1154 4468; x_wconf 92' lang='lat' dir='ltr'><strong><em>e.</em></strong></span> <span class='ocrx_word' id='word_1_336' title='bbox 1168 4413 1224 4468; x_wconf 82' lang='lat' dir='ltr'><strong>seh.</strong></span> <span class='ocrx_word' id='word_1_337' title='bbox 1240 4415 1245 4480; x_wconf 99' lang='grc' dir='ltr'>Ι</span> <span class='ocrx_word' id='word_1_338' title='bbox 1265 4415 1284 4469; x_wconf 99' lang='lat'>4</span> <span class='ocrx_word' id='word_1_339' title='bbox 1302 4410 1452 4470; x_wconf 84' lang='grc' dir='ltr'><strong><em>ἐκκένωοιν</em></strong></span> <span class='ocrx_word' id='word_1_340' title='bbox 1475 4431 1491 4467; x_wconf 93' lang='grc' dir='ltr'><strong><em>ο</em></strong></span> <span class='ocrx_word' id='word_1_341' title='bbox 1517 4411 1522 4476; x_wconf 92' lang='grc' dir='ltr'>Ι</span> 
     </span>
     <span class='ocr_line' id='line_1_35' title="bbox 218 4487 1520 4568; baseline 0.002 -21"><span class='ocrx_word' id='word_1_342' title='bbox 218 4493 235 4547; x_wconf 81' lang='grc'>5</span> <span class='ocrx_word' id='word_1_343' title='bbox 252 4489 386 4561; x_wconf 75' lang='grc' dir='ltr'><strong><em>εύέἐηνεια</em></strong></span> <span class='ocrx_word' id='word_1_344' title='bbox 404 4510 420 4548; x_wconf 92' lang='grc' dir='ltr'><strong><em>ο</em></strong></span> <span class='ocrx_word' id='word_1_345' title='bbox 440 4494 445 4560; x_wconf 91' lang='grc' dir='ltr'>Ι</span> <span class='ocrx_word' id='word_1_346' title='bbox 468 4494 482 4549; x_wconf 81' lang='grc'><strong>7</strong></span> <span class='ocrx_word' id='word_1_347' title='bbox 502 4491 629 4567; x_wconf 77' lang='grc' dir='ltr'><strong><em>ἀρχαίων</em></strong></span> <span class='ocrx_word' id='word_1_348' title='bbox 647 4497 790 4567; x_wconf 83' lang='grc' dir='ltr'><strong><em>ποτηρίων</em></strong></span> <span class='ocrx_word' id='word_1_349' title='bbox 808 4514 825 4552; x_wconf 92' lang='grc' dir='ltr'><strong><em>ο</em></strong></span> <span class='ocrx_word' id='word_1_350' title='bbox 845 4498 849 4562; x_wconf 93' lang='grc' dir='ltr'>Ι</span> <span class='ocrx_word' id='word_1_351' title='bbox 869 4497 888 4553; x_wconf 78' lang='grc'><strong><em>2</em></strong></span> <span class='ocrx_word' id='word_1_352' title='bbox 906 4494 1008 4568; x_wconf 82' lang='grc' dir='ltr'><strong><em>ἀγγεῖα</em></strong></span> <span class='ocrx_word' id='word_1_353' title='bbox 1026 4497 1038 4550; x_wconf 91' lang='grc'><strong><em>1</em></strong></span> <span class='ocrx_word' id='word_1_354' title='bbox 1055 4495 1141 4568; x_wconf 85' lang='grc' dir='ltr'><strong><em>ἀγγία</em></strong></span> <span class='ocrx_word' id='word_1_355' title='bbox 1159 4514 1195 4552; x_wconf 83' lang='lat' dir='ltr'><strong><em>co</em></strong></span> <span class='ocrx_word' id='word_1_356' title='bbox 1211 4499 1215 4567; x_wconf 99' lang='grc' dir='ltr'>Ι</span> <span class='ocrx_word' id='word_1_357' title='bbox 1231 4498 1271 4554; x_wconf 87' lang='grc'><strong><em>10</em></strong></span> <span class='ocrx_word' id='word_1_358' title='bbox 1293 4493 1341 4567; x_wconf 80' lang='grc' dir='ltr'><strong><em>ὡς]</em></strong></span> <span class='ocrx_word' id='word_1_359' title='bbox 1361 4487 1402 4552; x_wconf 86' lang='grc' dir='ltr'><strong><em>ὧν</em></strong></span> <span class='ocrx_word' id='word_1_360' title='bbox 1420 4497 1498 4551; x_wconf 76' lang='grc' dir='ltr'><strong><em>Βίεεε</em></strong></span> <span class='ocrx_word' id='word_1_361' title='bbox 1517 4497 1520 4564; x_wconf 94' lang='grc' dir='ltr'>Ι</span> 
     </span>
     <span class='ocr_line' id='line_1_36' title="bbox 218 4572 1523 4657; baseline 0.005 -27"><span class='ocrx_word' id='word_1_362' title='bbox 218 4572 278 4645; x_wconf 82' lang='grc' dir='ltr'><strong><em>τὰς]</em></strong></span> <span class='ocrx_word' id='word_1_363' title='bbox 295 4574 347 4631; x_wconf 85' lang='grc' dir='ltr'><strong><em>τὸν</em></strong></span> <span class='ocrx_word' id='word_1_364' title='bbox 365 4593 380 4630; x_wconf 87' lang='grc' dir='ltr'><strong><em>ο</em></strong></span> <span class='ocrx_word' id='word_1_365' title='bbox 395 4579 399 4646; x_wconf 94' lang='grc' dir='ltr'>Ι</span> <span class='ocrx_word' id='word_1_366' title='bbox 413 4572 580 4651; x_wconf 82' lang='grc' dir='ltr'><strong><em>ἐνέπρησαν]</em></strong></span> <span class='ocrx_word' id='word_1_367' title='bbox 594 4586 625 4643; x_wconf 81' lang='grc' dir='ltr'><strong><em>-Ι-</em></strong></span> <span class='ocrx_word' id='word_1_368' title='bbox 637 4580 686 4634; x_wconf 77' lang='grc' dir='ltr'><strong><em>καὶ</em></strong></span> <span class='ocrx_word' id='word_1_369' title='bbox 703 4598 719 4634; x_wconf 93' lang='grc' dir='ltr'><strong><em>ο</em></strong></span> <span class='ocrx_word' id='word_1_370' title='bbox 735 4583 739 4643; x_wconf 96' lang='grc' dir='ltr'>Ι</span> <span class='ocrx_word' id='word_1_371' title='bbox 755 4579 792 4634; x_wconf 84' lang='grc'><strong><em>20</em></strong></span> <span class='ocrx_word' id='word_1_372' title='bbox 809 4577 951 4654; x_wconf 88' lang='grc' dir='ltr'><strong><em>ἐπίχειρον</em></strong></span> <span class='ocrx_word' id='word_1_373' title='bbox 966 4583 1010 4637; x_wconf 85' lang='lat' dir='ltr'><strong><em>Gh</em></strong></span> <span class='ocrx_word' id='word_1_374' title='bbox 1022 4582 1094 4637; x_wconf 85' lang='lat' dir='ltr'><strong><em>LXX</em></strong></span> <span class='ocrx_word' id='word_1_375' title='bbox 1109 4585 1113 4652; x_wconf 99' lang='grc' dir='ltr'>Ι</span> <span class='ocrx_word' id='word_1_376' title='bbox 1129 4575 1167 4638; x_wconf 82' lang='grc'><strong><em>21</em></strong></span> <span class='ocrx_word' id='word_1_377' title='bbox 1187 4579 1315 4657; x_wconf 85' lang='grc' dir='ltr'><strong><em>ἐπιχεΐρα</em></strong></span> <span class='ocrx_word' id='word_1_378' title='bbox 1332 4601 1348 4638; x_wconf 93' lang='grc' dir='ltr'><strong><em>ο</em></strong></span> <span class='ocrx_word' id='word_1_379' title='bbox 1364 4583 1369 4651; x_wconf 96' lang='grc' dir='ltr'>Ι</span> <span class='ocrx_word' id='word_1_380' title='bbox 1385 4581 1424 4637; x_wconf 78' lang='lat'><strong><em>24</em></strong></span> <span class='ocrx_word' id='word_1_381' title='bbox 1440 4577 1523 4652; x_wconf 80' lang='grc' dir='ltr'><strong><em>κατὰ]</em></strong></span> 
     </span>
     <span class='ocr_line' id='line_1_37' title="bbox 219 4655 746 4738; baseline 0.006 -23"><span class='ocrx_word' id='word_1_382' title='bbox 219 4669 252 4723; x_wconf 81' lang='lat'>÷</span> <span class='ocrx_word' id='word_1_383' title='bbox 268 4667 320 4716; x_wconf 85' lang='grc' dir='ltr'><strong><em>τοῦ</em></strong></span> <span class='ocrx_word' id='word_1_384' title='bbox 336 4678 353 4716; x_wconf 92' lang='grc' dir='ltr'><strong><em>ο</em></strong></span> <span class='ocrx_word' id='word_1_385' title='bbox 375 4667 379 4730; x_wconf 94' lang='grc' dir='ltr'>Ι</span> <span class='ocrx_word' id='word_1_386' title='bbox 399 4662 435 4718; x_wconf 81' lang='grc'><strong><em>25</em></strong></span> <span class='ocrx_word' id='word_1_387' title='bbox 453 4657 555 4738; x_wconf 78' lang='grc' dir='ltr'><strong><em>ᾤκουν]</em></strong></span> <span class='ocrx_word' id='word_1_388' title='bbox 575 4657 635 4719; x_wconf 76' lang='grc' dir='ltr'><strong><em>οὖν’</em></strong></span> <span class='ocrx_word' id='word_1_389' title='bbox 653 4655 703 4719; x_wconf 80' lang='grc' dir='ltr'><strong><em>οὖν</em></strong></span> <span class='ocrx_word' id='word_1_390' title='bbox 722 4682 746 4719; x_wconf 91' lang='grc' dir='ltr'><strong><em>ο.</em></strong></span> 
     </span>
    </p>
   </div>
   <div class='ocr_carea' id='block_1_10' title="bbox 0 0 1862 5542">
    <p class='ocr_par' dir='ltr' id='par_1_14' title="bbox 0 0 1862 5542">
     <span class='ocr_line' id='line_1_38' title="bbox 0 0 1862 5542; baseline 0 0"><span class='ocrx_word' id='word_1_391' title='bbox 0 0 1862 5542; x_wconf 95' lang='lat' dir='ltr'><strong><em> </em></strong></span> 
     </span>
    </p>
   </div>
  </div>
 </body>
</html>
