3768 5544
674 484 792 540 Homilie
805 485 876 541 xv1.
905 485 1004 540 Jerem.
1018 489 1179 554 16,16-17,
1193 491 1216 542 1.
1541 493 1597 556 135

296 649 362 736 ἔχει
384 643 476 738 όπὴν
498 647 539 718 δι’
562 639 601 738 ἧς
622 667 838 720 κατανοείται
860 647 904 720 τά
925 644 1036 720 όπίοω
1059 656 1122 722 τοῦ
1137 657 1230 733 θεοῦ,
1254 648 1317 720 τὸν
1337 645 1444 720 αὐτὸν
1466 645 1598 736 τρόπον

296 747 437 830 ἕκαστος
459 742 542 818 ὁδόν
563 748 676 832 διδοὺς
691 754 754 819 τοῦ
769 759 921 820 νοεῖσθαι
935 748 1020 820 θεὸν
1036 749 1090 823 διά
1105 759 1179 823 τῶν
1194 756 1388 839 λεγομένων
1402 745 1458 820 ὁπ’
1481 746 1596 832 αὐτοῦ,

295 864 387 918 ποιεῖ
412 851 448 918 έν
474 843 569 938 αὐτῷ
596 842 699 937 όπήν,
728 853 756 918 εί
782 853 817 920 δὲ
843 855 898 934 καί
923 847 1038 932 άλλως
1060 847 1173 934 βούλει
1198 844 1374 940 όνομάσαι,
1401 846 1596 940 τρυμαλιάν.

294 942 352 1033 εἶφ’
376 939 415 1036 ἧς
441 940 528 1036 όπῆς
554 942 576 1036 ἢ
602 954 788 1038 τρυμαλιᾶς
814 942 891 1036 όψει
917 948 972 1020 διὰ
992 954 1053 1038 μὲν
1075 955 1227 1033 Μωσέως
1249 950 1312 1022 τὸν
1333 947 1453 1038 νόμον,
1485 948 1596 1020 διὰδὲ

259 1042 427 1119 δῚίοαίου
449 1045 514 1134 τὴν
535 1055 752 1136 προφητείαν
773 1044 889 1133 αὐτοῦ,
912 1047 966 1120 διὰ
989 1054 1024 1120 δὲ
1037 1044 1192 1138 Ἱερεμίου
1211 1048 1338 1134 ἄλλους
1360 1047 1482 1138 λόγους
1503 1054 1595 1120 θεοῦ.

294 1150 322 1217 εί
343 1152 455 1217 δὲκαὶ
478 1145 619 1236 ἄγγελος
641 1149 734 1220 ἔσται
748 1154 876 1232 λαλῶν,
899 1144 947 1232 τάς
962 1145 1102 1236 έλάλησε
1116 1148 1204 1220 κατά
1225 1147 1267 1219 τὸ
1289 1155 1463 1238 εἰρημένον
1486 1153 1522 1220 ἐν
1543 1155 1594 1238 τῷ

296 1241 333 1317 »ό
361 1245 501 1334 άγγελος
531 1240 549 1317 ό
577 1252 694 1318 λαλῶν
720 1250 756 1317 έν
781 1249 887 1336 έμοίε,
914 1244 1011 1320 κάκεῑ
1036 1251 1169 1338 ἵσταμαι
1192 1251 1245 1319 ἐπί
1269 1255 1332 1320 τοῦ
1353 1244 1508 1339 άγγέλου,
1539 1255 1594 1318 καὶ

292 1351 407 1428 βλέπω
439 1341 536 1416 κάκεῑ
568 1351 698 1434 πέτραν
732 1353 787 1416 καὶ
813 1341 904 1436 όπὴν
930 1353 1056 1436 πέτρας
1081 1354 1138 1417 καί
1172 1355 1288 1431 βλέπω
1315 1345 1500 1438 άγγελικοός
1532 1347 1595 1420 τόν

292 1441 384 1515 θεόν.
428 1457 455 1514 4.
479 1442 566 1518 άλλά
592 1444 859 1536 παραδείγματός
886 1475 943 1537 μοι
963 1454 1066 1536 χρεία,
1089 1451 1145 1518 ίνα
1166 1446 1382 1538 παραστήσω,
1405 1455 1481 1530 πῶς
1502 1447 1594 1519 ἔστιν

241 1555 274 1610 10
291 1542 442 1616 ἐλθόντα
465 1551 519 1616 έπί
541 1543 686 1634 άγγελον
707 1553 761 1616 καὶ
785 1543 826 1618 δι)
849 1543 991 1636 ἀγγέλου
1013 1547 1077 1618 τόν
1098 1545 1184 1618 θεόν
1201 1552 1291 1619 ίιίεῑν.
1326 1553 1510 1636 γέγραπται
1531 1545 1594 1637 γάρ

290 1648 327 1714 έν
345 1652 386 1732 τῇ
400 1639 536 1735 Ἑξόδῳ·
562 1643 685 1735 »ὤφθη
700 1644 841 1736 ἄγγελος
855 1654 974 1736 κυρίου
988 1651 1024 1718 έν
1040 1654 1142 1735 φλογὶ
1156 1646 1263 1734 πυρός
1281 1645 1387 1732 βάτου
1401 1653 1453 1737 τῷ
1470 1653 1593 1716 Μωσεί.

289 1751 346 1816 καὶ
362 1739 424 1836 όρᾷ
439 1751 576 1836 Μωσῆς,
598 1738 653 1816 ότι
667 1740 686 1817 ό
700 1743 805 1834 βάτος
818 1753 948 1817 καίεται
962 1754 1053 1836 πυρί,
1068 1752 1124 1818 καὶ
1139 1741 1158 1816 ό
1173 1743 1276 1830 βάτος
1291 1743 1331 1817 οὐ
1346 1753 1593 1818 κατακαίεταιι.

289 1851 345 1917 καὶ
376 1841 438 1914 οὐκ
469 1846 562 1916 εἶπεν
594 1840 614 1935 ἦ
644 1844 772 1935 γραφή,
805 1843 918 1936 ὥσπερ
945 1847 1017 1918 είπε
1042 1845 1130 1918 κατὰ
1161 1845 1225 1934 τὴν
1252 1841 1357 1936 ἀρχὴν
1385 1838 1439 1917 ότι
1468 1842 1591 1933 »ὤφθη

290 1941 459 2033 άγγελοςι,
486 1937 599 2028 οὕτως
620 1947 714 2018 είπεν
739 1941 794 2017 ότι
817 1945 956 2034 ἄγγελος
983 1953 1111 2035 κυρίου,
1135 1941 1209 2018 ἀλλ’
1239 1946 1322 2035 »ἐγώ
1346 1943 1428 2028 θεός
1449 1940 1592 2033 Ἀβραάμ

239 2061 271 2115 15
288 2051 344 2114 καὶ
367 2042 448 2127 θεός
469 2040 574 2115 Ἰσαάκ
595 2050 651 2116 καὶ
673 2042 755 2128 θεός
776 2042 918 2133 Ἰακῶβι.
954 2037 997 2134 ἦν
1019 2037 1081 2117 οὖν
1102 2050 1171 2117 ἐκεῖ
1191 2040 1211 2117 ό
1232 2043 1314 2128 θεός
1329 2049 1366 2116 έν
1386 2049 1436 2133 τῷ
1461 2040 1590 2134 άγγὲλῳ

203 2163 271 2220 287ν
288 2142 540 2234 θεωρούμενος,
560 2150 565 2232 Ι
585 2140 634 2227 αίς
656 2143 710 2216 διὰ
736 2151 798 2234 τῆς
823 2150 949 2234 πέτρας
975 2143 1056 2228 θεός
1076 2143 1323 2235 γινωσκόμενος
1344 2152 1401 2216 καὶ
1422 2149 1483 2232 τῆς
1505 2137 1591 2232 όπης

289 2247 350 2330 τῆς
371 2247 408 2313 έν
430 2240 534 2333 αὐτῷ.

374 2339 442 2414 Οάκ
469 2345 562 2427 σίδας
589 2335 664 2428 οὖν,
691 2343 777 2416 πότε
803 2351 995 2434 πέμπονται
1022 2346 1055 2416 οἱ
1076 2341 1260 2434 θηρευταί(
1291 2343 1344 2417 διά
1367 2348 1471 2414 τοῦτο
1493 2348 1589 2432 μηδέ-

288 2467 373 2513 ποτε
389 2438 457 2513 άπὸ
473 2450 546 2514 τῶν
562 2438 671 2532 όρέων
685 2452 833 2533 καταβῇς
854 2450 937 2533 μηδὲ
957 2451 1148 2532 καταλίπης
1163 2444 1243 2526 τοὺς
1265 2442 1406 2527 βουνοὺς
1419 2446 1502 2532 μηδὲ
1525 2445 1590 2528 ἔξω

236 2563 270 2618 20
288 2547 384 2628 γίνου
406 2549 480 2612 τῶν
501 2550 696 2631 τρνμαλιῶν
711 2551 785 2614 τῶν
802 2551 952 2629 πετρῶν·
975 2544 1034 2616 έάν
1055 2542 1117 2633 γὰρ
1133 2546 1198 2629 ἔξω
1220 2537 1367 2630 εὑρεθῇς,
1390 2539 1590 2631 λεχθήσεταί

288 2662 340 2711 σοι
364 2636 412 2723 σός
435 2643 499 2728 ἔξω
519 2639 726 2731 τυγχάνοντι
746 2650 803 2713 καὶ
824 2649 959 2731 λέγοντι
981 2640 1024 2714 τά
1046 2650 1120 2713 τῶν
1142 2646 1219 2729 ἔξω·
1249 2640 1388 2728 »άφρον,
1416 2639 1523 2728 ταύτῃ
1544 2647 1587 2728 τῇ

287 2745 382 2810 νυκτὶ
397 2736 579 2812 άπαιτοῦσι
593 2742 658 2832 τὴν
673 2739 784 2831 ψυχήν
798 2765 859 2814 σου
874 2740 942 2815 άπὸ
958 2749 1031 2813 σοῦ·
1054 2739 1075 2812 ά
1091 2747 1102 2831 ΙΙ
1118 2748 1153 2814 δὲ
1168 2737 1358 2831 ἡτοίμασας,
1377 2747 1445 2813 τίνι
1459 2743 1588 2823 ίσταιι;
1608 2757 1659 2813 230

287 2837 488 2930 λεχθήσεται
510 2843 574 2932 [σοι
596 2847 716 2912 ταῦτα·
738 2839 949 2932 λεχθήσεται]
979 2848 1016 2912 δέ
1045 2864 1098 2914 σοι
1125 2845 1197 2928 [καί]
1221 2846 1341 2924 ταῦτα,
1364 2839 1424 2912 έάν
1445 2836 1587 2927 φάσκης·

290 2945 445 3010 »καθελῶ
471 2968 536 3028 μου
563 2939 623 3022 τάς
649 2936 828 3030 άποθήκας
853 2947 909 3012 καὶ
934 2949 1089 3030 μείζονας
1116 2936 1343 3029 οἰκοδομήσω,
1369 2945 1425 3011 καί
1451 2943 1519 3028 έρῶ
1546 2946 1588 3027 τῇ

235 3056 268 3113 25
287 3046 376 3128 ψυχῇ
397 3065 473 3128 μου·
496 3037 595 3129 ψυχή,
618 3043 700 3128 ἔχεις
722 3035 834 3129 άγαθά
849 3049 984 3129 κείμενα
999 3046 1045 3124 είς
1065 3044 1124 3129 ἔτη
1138 3037 1261 3111 πολλά·
1284 3035 1470 3124 άναπαόου,
1493 3035 1587 3128 φάγε,

285 3147 350 3222 πίε,
373 3136 585 3230 εὐφραίνουι.
622 3135 703 3232 όρᾷς
726 3138 789 3211 τόν
808 3137 903 3212 κάτω
923 3146 997 3212 τῶν
1018 3134 1138 3228 όρέων,
1160 3137 1224 3210 τόν
1241 3135 1337 3210 κάτω
1353 3146 1427 3210 τῶν
1445 3144 1587 3222 βουνῶν,

286 3234 351 3308 τόν
373 3241 437 3323 ἔξω
460 3247 535 3310 τῶν
556 3246 752 3328 τρυμαλιῶν
774 3246 847 3309 τῶν
868 3247 1016 3330 πετρῶν,
1038 3245 1114 3322 πῶς
1135 3244 1308 3311 πλανᾶται
1324 3245 1381 3310 καὶ
1395 3243 1433 3310 έν
1448 3245 1490 3326 τῇ
1512 3243 1588 3328 περὶ

287 3333 431 3426 άγαθῶν
452 3344 566 3427 κρίσει,
588 3335 741 3428 οἰόμενος
763 3347 872 3410 ταῦτα
895 3341 979 3410 είναι
1001 3334 1124 3428 άγαθά.
1166 3335 1218 3408 διό
1242 3361 1335 3428 φησι·
1361 3344 1433 3408 »καὶ
1456 3343 1523 3427 έρῶ
1546 3345 1587 3426 τῇ

286 3445 376 3526 ψυχῇ
396 3461 474 3521 μου·
495 3435 593 3527 ψυχή,
616 3441 699 3528 ἔχεις
721 3435 834 3527 άγαθά
855 3446 991 3527 κείμενα
1009 3445 1055 3520 εἰς
1077 3440 1136 3527 ἔτη
1157 3435 1301 3511 πολλάι.
1336 3436 1401 3509 τόν
1416 3456 1513 3509 σίτον
1533 3447 1588 3508 καί

234 3553 268 3608 30
286 3535 353 3625 τὴν
374 3534 539 3626 εὐφορίαν
561 3546 636 3609 τῶν
656 3544 785 3627 γηίνων
806 3536 919 3626 άγαθά
946 3539 1030 3609 είναι
1056 3534 1241 3627 νενόμικεν·
1273 3534 1398 3626 οὐγὰρ
1425 3539 1512 3609 εἶδεν
1534 3531 1589 3608 ότι

373 3731 386 3784 7
407 3731 517 3786 Sachar.
530 3737 553 3800 1,
566 3733 582 3788 9
599 3750 626 3788 u.
638 3738 662 3787 δ.
675 3763 708 3771 -
722 3732 797 3790 11ί1.
816 3731 903 3788 Exod.
915 3735 940 3796 3,
952 3732 976 3786 2.
994 3761 1027 3772 -·
1048 3731 1085 3788 14
1098 3731 1184 3787 Exod.
1197 3733 1221 3796 3,
1234 3734 1257 3787 6.
1272 3762 1303 3771 -
1316 3732 1352 3788 21
1368 3732 1435 3786 Luk
1449 3733 1489 3799 12,
1502 3733 1542 3788 20.
1556 3761 1588 3771 -

285 3815 324 3871 24
344 3815 520 3879 Luk.12,18.
540 3818 581 3872 19.
598 3845 631 3855 -
650 3816 689 3872 28
708 3817 830 3881 Luk.12‚
845 3819 885 3873 19.

370 3989 388 4044 2
407 3997 458 4044 tos·
470 3989 513 4043 Hu
530 3989 593 4045 τίθ
613 3993 617 4059 Ι
631 3991 657 4060 ’β
676 3986 761 4064 αὐτῷ]
780 3987 886 4065 αὐτῷβ
902 3993 906 4058 Ι
922 3989 1073 4061 ὀνομάσαι]
1091 3991 1242 4059 ιἰιίείίίφιτε
1257 3995 1371 4058 μείνασι,
1389 3995 1413 4043 εί
1427 3995 1519 4058 petrae
1536 3989 1561 4043 H
1584 3991 1587 4056 Ι

285 4073 315 4129 4.
330 4074 379 4129 ll.
395 4075 431 4129 12
450 4071 584 4142 μωνσέως
602 4077 652 4129 etc.
670 4076 687 4129 S
707 4076 711 4143 Ι
730 4077 747 4132 5
765 4072 862 4146 αὐτοῦ]
881 4088 913 4134 <
932 4075 983 4130 CH
1006 4080 1010 4138 Ι
1033 4075 1136 4146 λόγους
1158 4074 1230 4130 cofl
1247 4074 1333 4144 λόγος
1349 4073 1367 4128 S
1387 4075 1391 4140 Ι
1411 4075 1456 4140 θΙί
1476 4071 1587 4129 κατά-

284 4155 315 4213 έν
332 4165 372 4231 τῷ
393 4155 424 4214 »ό
441 4153 576 4230 άγγελοςσ
596 4157 667 4213 nach
686 4159 717 4213 0:
735 4158 809 4215 κατὰ
827 4159 860 4214 τό
879 4154 1029 4230 όάγγελος
1045 4178 1071 4214 u.
1084 4159 1120 4213 H:
1132 4159 1216 4228 γάτίο
1227 4159 1300 4212 illud
1310 4157 1517 4226 Ρνομίιιίίοαικε
1531 4159 1587 4210 Ακ-

281 4243 359 4310 yolus
376 4239 525 4299 κατὰ-έν
541 4249 581 4316 τῷ
599 4241 754 4318 εὐαγγελίῳ
767 4243 784 4298 S
799 4243 804 4312 Ι
822 4244 868 4310 7Ι8
885 4243 1090 4316 καί-πέτρας]
1109 4253 1142 4302 <
1157 4243 1184 4297 H
1198 4247 1203 4308 Ι
1218 4243 1237 4299 8
1255 4239 1362 4314 βλέπωι
1380 4241 1459 4296 ΒΙαεε
1475 4239 1588 4314 βλέπων

283 4327 300 4382 S
316 4329 320 4389 Ι
335 4325 444 4398 βλέπω2
461 4327 540 4382 Elaea
552 4328 708 4384 Koetschau
725 4327 800 4380 video
817 4326 843 4380 Η
860 4328 973 4400 βλέπων
991 4328 1008 4382 S
1028 4331 1032 4396 Ι
1053 4329 1090 4384 11
1110 4325 1207 4398 πυρὸς]
1226 4335 1259 4384 <
1271 4326 1297 4380 Η
1317 4329 1321 4394 Ι
1338 4325 1377 4381 14
1394 4321 1537 4396 ίίγγελοςί]
1556 4334 1588 4390 -Ι-

283 4411 400 4464 Παναίτι’
416 4411 441 4464 Η
461 4415 465 4481 Ι
486 4407 583 4482 οὕτως]
602 4419 635 4476 -Ι-
652 4418 676 4465 εί
698 4413 730 4466 in
747 4413 862 4480 νείίηαίε
881 4413 1021 4466 ειιίιειωιία
1038 4417 1077 4464 est
1092 4410 1118 4463 Η
1135 4410 1210 4465 wohl
1227 4410 1328 4480 riehtig
1351 4411 1356 4477 Ι
1380 4403 1467 4478 εἶπεν]
1486 4407 1588 4466 ἐνθάδε

284 4497 321 4550 Co
336 4498 340 4565 Ι
357 4491 409 4566 ὅτι]
425 4504 458 4560 -Ι-
471 4495 527 4566 Εηο
540 4497 566 4551 Η
584 4501 589 4566 Ι
605 4497 642 4552 23
662 4497 831 4566 λεχθήσεταί
839 4502 844 4534 ¹
854 4498 1002 4566 -wvw²]
1021 4497 1154 4550 Dicentur
1171 4499 1259 4548 οιιίωιι
1279 4494 1330 4547 tibi
1347 4495 1402 4547 ιἐίο
1413 4493 1439 4547 Η
1456 4494 1587 4563 λεχθήσε-

282 4598 329 4634 ται
347 4579 376 4635 δέ
395 4597 440 4634 σοι
457 4589 545 4636 ταῦτα
559 4581 596 4636 Co
616 4584 621 4649 Ι
636 4581 675 4636 24
690 4581 756 4650 μου]
775 4591 808 4640 <
820 4581 845 4634 H
860 4583 864 4650 Ι
880 4581 920 4638 2⁸
937 4581 996 4650 καί]
1015 4590 1047 4638 <
1059 4579 1085 4633 Η
1100 4581 1104 4648 Ι
1120 4579 1158 4634 29
1176 4576 1216 4643 εἰς
1234 4573 1292 4648 ἔτη]
1310 4587 1343 4638 <
1355 4579 1381 4632 Η
1396 4581 1399 4646 Ι
1416 4578 1456 4634 θθ
1473 4575 1587 4648 γηίνων]

283 4671 315 4728 -Ι-
333 4665 476 4731 [nmmum
493 4666 526 4733 H,
544 4666 643 4722 besser.
