3768 5544
350 487 391 548 46
794 476 932 548 Oxigenes’
953 477 1211 533 Joremiahomilien.

350 638 414 728 γάρ
436 645 529 712 ἐστιν
551 638 592 711 τό
615 647 737 730 τεῖχος)
759 647 780 728 †
802 645 838 711 ἐν
860 649 912 731 τῷ
935 639 1213 733 ἑπτακαιδεκάτῳ
1236 662 1344 714 κεῖται
1372 649 1508 732 Ψαλμῷ,
1532 634 1588 713 ότι
1606 649 1659 714 καὶ

350 737 461 830 τεῖχός
483 745 576 812 έστιν
599 735 619 811 ό
641 737 731 824 θεός.

266 849 333 908 232v
437 836 696 926 »Ἀναλαβόντες
728 838 869 930 φεύγετε
902 847 949 923 εἰς
974 841 1106 913 Σιώνι·
1129 856 1134 927 1
1158 836 1233 915 όσοι
1266 846 1340 913 έστὲ
1371 843 1436 928 ἔξω
1465 847 1528 930 τῆς
1555 840 1661 928 Σιούν,

355 937 604 1026 »ἀναλαβόντες
627 939 767 1030 φεύγετε
791 947 838 1024 είς
852 941 962 1012 Σιών·
985 941 1161 1024 σπεύσατε,
1183 941 1228 1032 μὴ
1250 948 1383 1032 στῆτει,
1407 945 1440 1013 οί
1462 946 1499 1013 ἐν
1521 951 1564 1031 τη”
1578 973 1661 1033 προ·

318 1048 443 1128 σκοπῇ
474 1039 639 1112 σπεύσατε
670 1045 725 1112 ἐπί
755 1039 797 1111 τὸ
819 1037 1095 1129 Σκοπευτήριον,
1129 1034 1202 1112 »ότι
1232 1041 1320 1112 κακά
1350 1041 1417 1129 ἐγὼ
1449 1039 1566 1130 ἐπάγω
1593 1039 1661 1114 άπὸ

351 1147 458 1230 βορρᾶ
479 1147 536 1211 καί
558 1140 739 1231 συντριβὴν
761 1137 944 1230 μεγάληνι·
968 1147 1041 1211 τῶν
1057 1144 1280 1230 ἐπαγομένων
1293 1147 1410 1212 κακῶν
1425 1137 1511 1238 »ἀπὸ
1526 1149 1662 1230 βορρᾶι,

351 1247 457 1329 βορρᾶ
479 1246 544 1311 τοῦ
570 1238 820 1330 ἀνακειμένου,
843 1237 891 1322 ιύς
917 1237 1087 1322 πολλάκις
1114 1247 1284 1324 λέλεκται,
1316 1233 1355 1322 ός
1381 1239 1440 1312 ἐάν
1467 1236 1591 1331 εύρεθῇ
1617 1242 1661 1332 μὴ

352 1338 497 1422 σπεύσας
518 1347 600 1430 μηδὲ
622 1341 790 1412 εἰσελθών
816 1345 880 1422 »εἰς
901 1338 964 1422 τάς
985 1335 1103 1420 πόλεις
1125 1338 1187 1422 τὰς
1201 1338 1396 1430 τειχήρειςτ,
1418 1338 1463 1429 μὴ
1478 1337 1662 1430 γενόμενος

355 1443 409 1510 »ἐν
436 1459 510 1523 ταῖς
537 1444 726 1530 ἐκκλησίαις
754 1445 819 1512 τοῦ
839 1445 959 1522 θεοῦι,
992 1434 1067 1510 ἀλλ’
1090 1440 1154 1525 ἔξω
1177 1439 1343 1527 ἑστηκώς,
1374 1435 1478 1522 αύτός
1497 1436 1566 1512 ύπό
1588 1449 1661 1513 τῶν

302 1551 334 1605 10
351 1548 527 1629 πολεμίων
548 1548 784 1630 καταληφθείς
807 1536 1077 1629 ἀναιρεθήσεται.
1120 1545 1173 1621 τίς
1193 1544 1231 1610 δέ
1242 1544 1334 1611 ἐστιν
1350 1533 1369 1609 ό
1384 1545 1562 1628 πολέμιος;
1583 1545 1661 1611 ίδω-

351 1668 412 1728 μεν
435 1643 471 1710 ἐκ
493 1647 567 1712 τῶν
589 1641 665 1730 ἑξῆς
686 1648 765 1712 τίνα
787 1635 920 1729 τρόπον
943 1647 1090 1726 λέγεται·
1124 1633 1243 1726 »άνέβη
1266 1647 1357 1710 λέων
1384 1642 1420 1710 ἐκ
1435 1645 1497 1728 τῆς
1511 1637 1661 1730 μάνδρας

353 1734 474 1822 αύτοῦ,
498 1739 736 1830 έξολοθρεύων
759 1743 844 1828 έθνη
866 1743 1013 1827 ἐξῆρενι.
1058 1729 1161 1820 οὗτός
1182 1741 1276 1810 ίστιν
1298 1733 1318 1809 ό
1340 1745 1516 1828 πολέμιος,
1548 1733 1590 1811 όν
1612 1746 1664 1811 δεῖ

353 1833 438 1927 ἡμᾶς
460 1859 587 1927 φυγεῖν.
631 1846 719 1911 λέων
736 1844 747 1929 ΙΙ
763 1835 849 1928 ἡμᾶς
873 1837 1086 1910 καταδιώκει.
1128 1845 1181 1920 τίς
1207 1829 1326 1924 οὗτος·
1355 1845 1486 1928 Πέτρος
1508 1835 1593 1928 ἡμᾶς
1615 1844 1660 1910 δι·
1682 1852 1731 1906 162

353 1935 466 2009 δάσκει
487 1945 611 2028 λέγων·
636 1935 674 2011 »ό
698 1935 871 2020 ἀντίδικος
891 1935 987 2028 ύμιῖνν
1010 1935 1170 2024 διάβολος
1191 1935 1240 2020 ιύς
1255 1944 1345 2009 λέων
1362 1933 1555 2028 ω’ρυόμενος
1569 1968 1660 2026 περι-

302 2049 335 2101 15
352 2057 457 2108 πατεῖ
477 2046 591 2126 ζητῶν
609 2046 688 2111 τίνα
702 2047 865 2125 καταπίῃ·
888 2029 917 2128 ᾧ
935 2034 1117 2127 άντίστητε
1132 2043 1264 2126 στερεοί
1279 2045 1322 2126 τῇ
1337 2044 1481 2109 πίστειτ·
1503 2039 1661 2110 καὶκατὰ

353 2135 417 2209 τόν
442 2139 567 2210 ένατον
596 2137 735 2228 Ψαλμόν
761 2137 942 2227 »ἐνεδρεύει
963 2141 1001 2209 έν
1024 2133 1229 2226 ἀποκρύφῳ,
1257 2135 1421 2225 ένεδρεύει
1442 2133 1491 2220 ὥς
1513 2145 1603 2209 λέων
1623 2143 1660 2209 ἐν

352 2243 395 2324 τῇ
425 2234 557 2330 μάνδρᾳ
587 2233 723 2310 αότοῦι.
765 2244 820 2308 καὶ
851 2234 1015 2326 ἐνεδρεύει
1042 2228 1145 2319 οὗτος
1172 2231 1191 2306 ό
1219 2243 1310 2308 λέων
1333 2233 1394 2324 ούχ
1416 2233 1553 2327 ἡμέρας,
1584 2233 1659 2310 ἄλλ’

352 2335 439 2407 ἐπάν
466 2343 605 2425 γένηται
627 2337 700 2424 νύξ·
731 2337 819 2409 κατὰ
841 2337 905 2427 γάρ
927 2334 991 2408 τόν
1014 2333 1202 2408 ἑκατοστόν
1224 2343 1345 2425 τρίτον
1374 2333 1525 2426 Ψαλμόν·
1557 2339 1660 2409 »ἔθου

352 2431 476 2519 σκότος
497 2445 554 2508 καὶ
575 2441 711 2526 ἐγένετο
734 2435 803 2524 νύξ.
847 2442 884 2510 ἐν
906 2433 992 2524 αὐτῇ
1015 2433 1246 2508 διελεύσονται
1268 2432 1383 2507 πάντα
1404 2435 1448 2506 τά
1470 2445 1574 2525 θηρία
1596 2442 1660 2508 τοῦ

300 2553 335 2610 20
351 2541 492 2625 δρυμοῦ,
525 2535 666 2626 σκύμνοι
703 2533 893 2628 ιύρυόμενοι
923 2532 1072 2624 άρπάσαι
1100 2543 1156 2607 καὶ
1187 2539 1327 2624 ζητῆσαι
1357 2534 1451 2624 παρὰ
1480 2541 1544 2608 τοῦ
1574 2541 1659 2608 θεοῦ

350 2642 477 2724 βρῶσιν
499 2633 645 2719 αύτοῖςτ.

436 2747 483 2806 17.
517 2731 665 2825 »Ἀνέβητ
701 2727 763 2808 ούν
798 2745 906 2808 »λε’ων
936 2739 973 2806 έκ
1004 2741 1066 2824 τῆς
1092 2731 1242 2825 μάνδρας
1268 2731 1405 2806 αύτοῦι.
1446 2740 1530 2819 ποῦς
1559 2731 1660 2820 πότε;

349 2832 447 2906 κάτω
470 2839 562 2907 ἐστίν
584 2837 715 2920 πεσών,
743 2842 790 2918 είς
812 2834 856 2906 τά
877 2835 1063 2907 κατώτατα
1085 2841 1147 2924 τῆς
1168 2840 1230 2924 γῆς
1250 2831 1496 2924 κατελήλυθεν.
1542 2831 1660 2924 »άνέβη

351 2942 442 3006 λέων
469 2939 505 3005 ἐκ
532 2942 593 3025 τῆς
619 2933 769 3025 μάνδρας
797 2933 932 3008 αύτοῦτ.
976 2935 1166 3025 ἄνθρωπος
1192 2933 1235 3018 εἱ,
1267 2931 1432 3023 άνωτέρω
1458 2935 1490 3006 εί
1508 2939 1572 3028 τοῦ
1594 2941 1661 3006 δια·

300 3051 333 3106 25
350 3031 467 3119 βόλον·
490 3043 659 3124 κρείττων
681 3035 744 3124 γάρ
767 3035 798 3106 εί
818 3031 933 3118 αύτοῦ,
957 3029 1078 3116 ὁποῖος
1098 3032 1158 3104 ἐάν
1171 3025 1223 3120 ᾗς·
1246 3037 1374 3116 ἐκεῖνος
1391 3031 1445 3104 διά
1460 3032 1525 3122 τὴν
1539 3043 1660 3105 κακίαν

350 3131 447 3204 κάτω
470 3137 570 3204 ἐστίν.
611 3131 748 3223 »άνέβητ
775 3127 838 3208 οὖν
862 3141 971 3206 »λέων
989 3137 1026 3205 ίκ
1041 3138 1103 3222 τῆς
1117 3131 1268 3223 μάνδρας
1283 3128 1398 3218 αὐτοῦ,
1422 3131 1661 3221 έξολοθρεύων

351 3234 436 3322 έθνη
462 3237 613 3322 ἐξῆρεντ·
644 3230 770 3320 άναβάς
799 3237 854 3304 »ἐκ
880 3239 943 3321 τῆς
968 3229 1119 3322 μάνδρας
1141 3228 1282 3314 αότοῦι,
1313 3228 1426 3305 τόπου
1447 3237 1511 3304 τοῦ
1534 3238 1662 3304 οἰκείου

351 3341 393 3420 τῇ
415 3330 554 3404 κολάσει
576 3334 708 3418 ἑαυτοῦ,
734 3331 992 3423 »έξολοθρεύων
1008 3333 1093 3422 ἔθνη
1109 3336 1237 3420 ἐξῆρεν·
1260 3334 1404 3419 ἐξῆλθεν
1419 3335 1456 3402 ἐκ
1471 3337 1536 3403 τοῦ
1550 3327 1662 3403 τόπου

353 3429 459 3504 αὐτοῦ
486 3437 581 3520 <τοῦ>
604 3443 717 3504 θεῖναι
740 3433 806 3523 τὴν
827 3439 891 3522 γῆν
919 3457 981 3505 σου
1002 3436 1049 3513 είς
1071 3428 1269 3520 ἐρήμωσινι.
1312 3428 1472 3515 βούλεται
1494 3437 1660 3504 εἰσελθεῖν

436 3637 453 3690 1
475 3633 536 3705 Vgl.
550 3635 621 3690 Psal.
636 3639 676 3694 17,
690 3637 744 3692 303
770 3637 850 3692 Zach.
863 3637 887 3700 2,
899 3635 937 3690 5?
958 3665 991 3675 —
1015 3635 1034 3690 5
1053 3633 1116 3704 Vgl.
1129 3632 1227 3689 Onom.
1239 3650 1319 3688 saera
1330 3635 1350 3700 I,
1363 3635 1421 3696 198,
1435 3635 1480 3690 63:
1500 3631 1579 3688 Σιὼν
1598 3651 1661 3690 σκο-

351 3719 501 3791 πειτήριον
519 3717 537 3787 ἢ
554 3723 665 3789 διφῶσα
682 3717 701 3788 ἢ
719 3716 818 3787 ἐντολὴ
836 3721 962 3784 σκοτίας,
981 3737 1006 3774 u.
1021 3725 1046 3773 0.
1064 3749 1097 3757 -
1116 3718 1135 3772 θ
1154 3717 1217 3788 vgl.
1230 3719 1256 3772 11
1267 3717 1360 3773 Thess.
1373 3721 1397 3785 1,
1409 3722 1434 3772 4.
1452 3747 1485 3757 -
1505 3719 1579 3776 1014.
1597 3716 1660 3787 Vgl.

351 3801 424 3858 Hier.
445 3803 547 3858 Comm.
559 3807 618 3862 805.
636 3835 669 3842 -
689 3805 768 3860 1211.
787 3803 851 3874 vgl.
865 3803 972 3874 Olymp.
986 3803 1040 3871 (Gh
1052 3804 1072 3866 Ι,
1086 3803 1158 3870 360);
1176 3808 1319 3873 τροπικῶς
1336 3800 1386 3858 τδν
1410 3800 1550 3874 διάβολον.
1568 3831 1602 3841 -
1622 3802 1661 3858 14

351 3889 364 3942 1
376 3889 448 3943 Petr.
461 3891 485 3954 5,
497 3891 521 3944 8.
535 3889 558 3944 9.
577 3919 610 3928 -
630 3890 667 3946 10
685 3888 757 3944 ΡευΙ.
770 3891 794 3956 9,
808 3889 849 3944 30.
867 3919 900 3927 -
920 3887 958 3945 18
978 3887 1050 3942 ΡεεΙ.
1064 3887 1121 3952 103,
1134 3887 1175 3942 20.
1189 3889 1230 3944 21.
1248 3917 1280 3925 -
1299 3887 1338 3942 98
1357 3886 1419 3956 Vgl.
1431 3885 1501 3956 Eph.
1513 3890 1538 3951 4,
1550 3885 1587 3941 9‘?

438 4058 453 4112 1
473 4056 575 4126 τεῖχος]
595 4063 627 4120 4-
640 4052 680 4121 ὼς
698 4057 725 4120 ?;
745 4057 811 4110 aber
823 4056 894 4110 auch
907 4054 995 4108 damit
1006 4059 1079 4109 τιῖιτε
1091 4053 1171 4108 nicht
1182 4053 1251 4108 alles
1262 4053 1292 4108 in
1304 4053 1446 4123 Ordnung.
1475 4053 1547 4108 Psal.
1561 4056 1600 4118 17,
1614 4055 1658 4110 3οε

351 4140 399 4193 καί
417 4135 447 4194 έν
464 4146 504 4212 τῷ
522 4144 582 4214 θεῷ
600 4159 657 4208 μου
675 4134 872 4212 ὑπερβήσομαι
889 4148 984 4210 τεῖχος
1001 4139 1077 4192 kann
1094 4139 1179 4192 kaum
1197 4137 1319 4209 gemeint
1336 4137 1403 4204 sein,
1421 4137 1457 4191 da
1469 4137 1557 4192 dieses
1569 4146 1662 4208 τεῖχος

351 4227 428 4279 sonat
457 4243 513 4279 von
539 4225 670 4296 On‘genes
704 4227 753 4280 auf
776 4225 821 4279 die
848 4219 973 4297 ἁμαρτία
999 4223 1130 4294 gedeubet
1157 4222 1227 4278 wird
1252 4219 1313 4290 (Sel.
1336 4221 1366 4274 in
1388 4221 1460 4275 Psal.
1483 4225 1530 4286 17,
1547 4225 1582 4278 30
1607 4221 1660 4276 Sel.

349 4309 379 4363 in
396 4309 494 4363 Thren.
512 4311 536 4372 3,
554 4311 606 4378 43).
642 4309 714 4364 Odor
731 4306 867 4374 έν-θεός
883 4309 920 4362 ist
937 4309 1033 4363 Glosse
1053 4308 1126 4362 eines
1144 4309 1272 4372 Manuos,
1295 4305 1344 4360 der
1361 4305 1434 4360 PsaL
1447 4309 1488 4371 17,
1500 4307 1542 4363 30.
1554 4308 1586 4361 31
1606 4307 1660 4361 las:

349 4397 398 4449 καὶ
420 4390 451 4449 ἐν
467 4400 507 4466 τῷ
526 4397 584 4466 θεῷ
603 4413 660 4462 μου
677 4389 882 4465 ύπερβίγσομαι.
914 4395 1012 4464 Ίεῖχος
1030 4389 1046 4447 ὁ
1064 4393 1134 4457 θεὸς
1151 4411 1207 4460 μου
1224 4394 1283 4447 κτλ.
1301 4391 1418 4460 (Riedel)
1433 4393 1438 4459 Ι
1453 4387 1486 4459 ιζ
1506 4390 1574 4458 810
1592 4390 1659 4460 τῶν]

349 4478 368 4532 1.
385 4477 493 4534 τούτων
506 4479 521 4531 ‘2
537 4481 540 4546 ί
557 4480 575 4535 8
593 4480 730 4549 τειχήρεις
743 4477 811 4532 Vco
830 4477 1012 4549 στειχήρειςθ
1028 4479 1032 4544 Ι
1049 4475 1163 4532 10-98
1175 4475 1276 4530 Hierzu
1287 4477 1395 4546 Fragm.
1409 4477 1443 4531 18
1454 4475 1483 4528 in
1495 4475 1527 4528 C:
1546 4472 1659 4531 Λέοντα

350 4572 434 4632 -γης
449 4564 452 4630 Ι
469 4563 507 4618 10
524 4559 552 4617 θ’
566 4563 582 4616 8
599 4564 602 4628 Ι
620 4563 655 4618 18
667 4557 741 4634 ργ’8
757 4563 761 4630 ί
778 4561 817 4617 22
830 4561 911 4631 τότε]
929 4561 1042 4616 πόθενλ
1055 4561 1132 4614 Βίεεε
1148 4561 1152 4626 Ι
1169 4560 1205 4614 95
1216 4568 1345 4632 κρεῖττον
1358 4561 1391 4614 S*
1410 4561 1546 4632 κρείττων
1557 4559 1638 4614 Scorr·
1654 4561 1656 4626 !

351 4646 388 4700 *29
404 4645 463 4715 τοῦ]
483 4646 538 4716 vgl.
551 4647 577 4702 S.
589 4649 630 4716 47,
643 4649 666 4702 2.
