3658 5566
542 483 594 538 Die
610 482 776 554 Fragmenta
793 499 841 536 aus
859 482 907 536 der
924 481 1189 551 Prophetonkabene.
1459 483 1520 544 277

215 644 318 735 λήσας
344 650 382 717 ἐν
409 663 480 729 τοῖς
502 643 781 736 προφήταις,
738 639 791 716 ἐπ’
812 641 976 764 ἐσχάτων
991 650 1066 715 τῶν
1092 637 1226 732 ἡμερῶν
1252 636 1414 761 ἐλάλησεν
1441 634 1521 729 ἡμῖν

214 751 252 818 ἐν
282 749 375 836 υίῷι.
419 739 531 828 οῦτως
561 752 596 816 δέ
625 753 680 817 καί
712 745 752 817 τὸ
781 749 913 832 πνεῦμα
939 742 981 815 τὸ
1008 735 1117 831 άγιον·
1154 747 1235 864 φηρὶ
1262 739 1324 828 γὰρ
1352 734 1519 828 όσωτήρ·

217 817 347 928 »καλῶς
369 847 521 917 είπενέν
541 841 654 937 Ἠσαίᾳ
676 842 717 916 τὸ
738 851 868 933 πνεῦμα
891 841 932 914 τὸ
955 836 1064 932 άγιον
1093 836 1178 930 άκοή
1200 837 1376 928 άκοῦσητε,
1401 843 1457 910 καί
1479 834 1520 909 ού

212 945 257 1034 μή
287 950 441 1034 συνήτει.
484 950 522 1017 ἐν
553 951 588 1016 δὲ
619 951 661 1066 πή
691 943 777 1033 πρὸς
806 938 1062 1033 Κορινθίους
1043 973 1061 1014 ο
1089 948 1223 1023 Παῦλος
1255 940 1361 1011 είπῶν
1389 937 1432 1008 τὰ
1460 965 1519 1025 χα-

178 1054 371 1134 ὁρίσματα,
394 1059 431 1117 ἐν
455 1045 505 1127 οἷς
527 1041 661 1134 ἐστινὴ
683 1051 884 1134 προφητεία,
907 1050 1023 1172 φηρίν·
1055 1048 1181 1112 »ταῦτα
1203 1046 1239 1111 δὲ
1260 1036 1374 1110 πάντα
1395 1043 1522 1126 ἐνεργεῖ

213 1147 249 1214 ἐν
278 1151 333 1215 καί
365 1142 406 1216 τὸ
433 1140 518 1216 αύτὸ
548 1150 692 1233 πνεῦμα,
715 1150 884 1234 χορηγοῦν
917 1139 1048 1232 ἑκάστῳ
1076 1141 1196 1224 καθῶς
1207 1137 1411 1260 ,βούλεταιν
1442 1164 1519 1208 του-

213 1249 327 1314 τέστιν
349 1240 574 1328 αύθεντικῶς,
596 1241 637 1313 ού
659 1250 831 1326 δουλικῶς.
874 1239 1071 1330 λίγοιςδ
1061 1238 1103 1312 ἂν
1125 1245 1276 1330 πνεῦμα
1296 1236 1519 1325 προσώπου

213 1339 371 1428 Χριστόν,
402 1341 465 1414 τὸν
494 1339 736 1463 δωρησάμενον
766 1339 863 1462 ἡμῖν·
874 1341 916 1414 τὸ
943 1349 1074 1430 πνεῦμα
1099 1347 1162 1430 τῆς
1182 1345 1403 1459 προφητείας
1433 1329 1518 1424 αὕτη

211 1440 273 1529 γὰρ
288 1449 483 1570 προφητῶν
504 1439 741 1565 πρόσωπον,
751 1449 918 1564 ..anesum
934 1449 970 1514 δὲ
984 1439 1026 1512 τό
1040 1437 1191 1530 χάρισμα,
1215 1436 1303 1511 σκιά
1319 1432 1390 1509 66‘
1370 1465 1389 1509 ο
1404 1432 1517 1525 νόμος.

160 1557 194 1614 10
214 1541 328 1612 »σκιάν
350 1541 412 1630 γὰρ
436 1546 524 1631 ἔχων
546 1537 565 1614 6
587 1538 691 1631 νόμος
717 1550 791 1614 τῶν
816 1537 1018 1631 μελλόντων
1039 1537 1210 1629 άγαθῶνι.
1253 1540 1374 1627 ἔζησαν
1396 1565 1517 1608 ουν
1480 1541 1517 1607 ἐ

210 1635 289 1730 ήμῑν
315 1644 347 1712 οί
377 1647 553 1732 προφῆται
582 1647 638 1713 καὶ
670 1645 707 1712 ἐν
688 1649 780 1730 ντή
807 1649 869 1713 τοῦ
895 1638 1003 1730 νόμου
1028 1646 1111 1733 σκιή.
1154 1641 1195 1712 τὸ
1222 1631 1285 1710 οῦν
1306 1634 1447 1725 χάρισμα
1474 1636 1515 1707 τὸ

209 1739 437 1829 προφητικόν,
460 1739 545 1828 πρὸς
568 1735 586 1812 6
579 1735 723 1826 βλέπει
744 1739 851 1832 πάσης
874 1747 934 1831 τῆς
948 1747 1161 1862 πρρφητείας
1176 1768 1196 1829 η
1186 1736 1350 1822 Ἣέκβασις
1367 1732 1515 1825 Χριστός

210 1843 315 1922 ἐστιν,
344 1837 570 1912 τουτέστιν’
549 1841 617 1912 απὸ
641 1849 853 1931 Χριστοῦ.»
841 1847 954 1924 »τέλος
979 1840 1043 1932 γὰρ
1055 1837 1177 1962 νόμρυ
1202 1847 1259 1912 καὶ
1280 1829 1514 1926 προφητῶνό

211 1935 377 2026 Χριστός.
419 1942 540 2031 ρηθείη
566 1948 601 2013 δέ
632 1940 698 2012 κᾶν
733 1945 770 2012 ἐκ
801 1940 991 2068 προσώπου
1019 1945 1094 2012 τῶν
1124 1934 1332 2011 άποστόλων
1358 1941 1414 2005 καὶ
1442 1942 1515 2006 τῶν

159 2055 191 2108 15
210 2045 356 2108 πιστῶν·
381 2043 435 2111 »ἐν
459 2037 553 2132 αύτῷ
575 2041 639 2132 γὰρ
661 2048 716 2112 καί
739 2048 849 2131 ζῶμεν
871 2047 925 2110 καὶ
947 2039 1133 2129 κινούμεθα
1154 2047 1210 2111 καὶ
1232 2042 1362 2126 ἐσμέν(
1392 2027 1437 2106 06
1464 2039 1515 2106 εί·

208 2164 335 2226 πομεν
357 2143 398 2211 ἐν
419 2147 467 2230 τή
490 2146 578 2233 σκιᾷ
600 2137 724 2213 αύτου
709 2140 954 2230 ςησόμεθα,
976 2144 1132 2212 τουτέστι
1146 2166 1234 2209 κατα
1247 2146 1385 2227 μιμησιν
1398 2162 1514 2208 αυτοῦ

208 2243 296 2325 λέγει
323 2237 385 2326 γάρ
412 2234 431 2309 6
461 2251 557 2324 θεῖος
588 2237 796 2324 ἀπόστολος·
830 2247 986 2329 »μιμηταί
1012 2266 1078 2328 μου
1103 2245 1252 2327 γίνεσθε,
1277 2237 1398 2318 καθὼς
1419 2230 1512 2322 κάχῶ

208 2343 388 2424 Χριστοῦι,

557 2579 613 2645 Nr.
636 2580 762 2647 CXVII.
804 2579 927 2664 Klagel.
941 2579 962 2644 J
965 2602 1055 2644 erem.
1071 2587 1098 2654 4,
1114 2584 1161 2644 21.

156 2759 190 2815 20
287 2735 321 2809 Ὁ
352 2739 452 2829 λόγος
483 2740 568 2827 πρὸς
598 2742 678 2824 τοῦς
709 2747 744 2828 ἐξ
772 2737 878 2830 Ἐδῶμ
908 2748 964 2811 καί
987 2737 1086 2811 Ἡσαῦ
1115 2747 1178 2811 τοῦ
1209 2736 1363 2826 ἀδελφοῦ,
1387 2735 1510 2827 Ἰακώβ,

206 2834 398 2928 ὑπερβολήν
424 2836 539 2924 αῦτοίς
564 2837 809 2929 προαγορεύων
838 2847 954 2911 κακῶν
983 2845 1101 2928 (τοῦτο
1128 2839 1189 2928 γὰρ
1215 2839 1257 2911 τό
1279 2837 1510 2929 μεθυσθήση

206 2946 272 3008 καὶ
302 2934 518 3028 ἇποχεεῑς),
549 2945 626 3028 περὶ
657 2931 708 3010 ῶν
737 2963 819 3029 φησι
848 2947 904 3012 καὶ
927 2946 1040 3026 Δαβίδ·
1072 2937 1268 3028 »μνήσθητς
1299 2937 1405 3026 κύριε,
1436 2947 1510 3011 τῶν

206 3041 291 3108 υίῶν
312 3033 419 3125 Ἐδῶμ
442 3037 505 3128 τήν
526 3035 651 3128 ἡμέραν
670 3032 888 3128 Ἰερουσαλήμ,
911 3047 984 3111 τῶν
1003 3036 1189 3127 λεγόντων·
1213 3041 1398 3124 ἐκκενοῦτε,
1420 3043 1509 3110 ἐκκε·
1569 3115 1572 3120 .

206 3143 309 3207 νοῦτε
340 3137 404 3218 ίως
436 3128 476 3208 οῦ
505 3133 524 3208 δ
554 3144 709 3226 θεμέλιος
739 3142 776 3209 ἐν
807 3135 922 3227 αῦτῇι.
970 3134 1112 3226 άδελφοὶ
1139 3137 1201 3228 γὰρ
1227 3130 1324 3219 ὄντες
1348 3144 1404 3208 καί
1420 3142 1431 3228 ΙΙ
1447 3146 1510 3227 γεί-
1531 3171 1580 3226 351

154 3257 188 3312 25
206 3264 317 3319 τονες,
349 3235 389 3307 τὸ
421 3236 630 3364 προγονικὸν
662 3235 868 3324 διεφύλαξαν
896 3256 1000 3358 μῖσρς.
1043 3244 1120 3326 περὶ
1151 3244 1186 3309 δέ
1213 3243 1364 3326 Χριστοῦ
1390 3234 1509 3327 φήσας

205 3339 251 3416 είς
272 3333 390 3423 καιρόν
412 3365 468 3405 και
490 3334 616 3457 ταύτης
638 3334 797 3427 ἐμνήσθη
840 3337 905 3427 τήν
927 3337 989 3426 γὰρ
1013 3335 1159 3457 Γήϊνον
1173 3342 1510 3462 προοαχορευρμεἫνηι

204 3445 350 3524 πορθεῖν
372 3430 551 3522 ἐμελλεν“
531 3465 550 3507 ο
574 3432 731 3526 Χριστός,
753 3433 914 3558 ρύράνιρν
936 3433 1164 3527 ἐργαζόμενος.
1207 3433 1427 3526 ἇπειλητικὸν
1446 3435 1510 3556 γὰρ

205 3529 226 3621 ή
262 3529 367 3657 άρετή
402 3565 440 3606 τε
474 3541 530 3606 καί
557 3543 681 3624 γνῶσις
711 3535 797 3624 πρὸς
825 3535 906 3618 τούς
933 3542 1164 3626 φιληδοῦντας
1189 3534 1336 3618 πλάναις
1361 3543 1417 3607 καὶ
1447 3534 1510 3606 πά-

205 3641 310 3718 θεσιν,
339 3625 392 3705 ῶν
417 3641 517 3724 μέθη
544 3641 605 3725 μέν
631 3665 652 3724 η
642 3631 900 3723 “νέκρωσις”
857 3665 919 3726 της
941 3633 1075 3723 σαρκός,
1096 3631 1311 3726 ῦπερέκχυσις
1334 3641 1445 3706 δὲκαὶ
1468 3635 1509 3707 τὸ

153 3750 188 3806 30
206 3740 371 3820 νεκρῶσαι
392 3732 520 3823 ταύτης
541 3733 582 3804 τὸ
605 3731 770 3824 φρόνημα.

290 3901 426 3958 8111111111.
447 3904 487 3968 13,
500 3906 534 3958 14
551 3903 614 3970 (ίεε.
631 3905 655 3970 6,
667 3905 693 3970 9)
712 3904 909 3974 18115711).
927 3935 960 3946 -
977 3907 994 3962 5
1011 3907 1209 3974 ΙΚοτ.12,11.
1227 3937 1260 3946 -
1279 3906 1319 3962 111
1335 3905 1472 3968 Hebr.10,
1486 3907 1509 3957 1.

205 4015 237 4023 -
257 3985 295 4040 16
314 3985 377 4056 Vgl.
390 3987 467 4041 Rbm.
488 3988 526 4050 10,
543 3989 568 4041 4.
586 4017 620 4026 --
640 3987 677 4043 15
696 3990 757 4042 606.
776 3991 816 4055 17,
834 3991 875 4046 28.
894 4019 927 4029 -
946 3991 982 4046 17
1002 3991 1015 4043 Ι
1033 3991 1097 4046 Kor.
1116 3993 1156 4056 11,
1175 3994 1198 4046 1.
1216 4020 1249 4030 -
1272 3989 1311 4044 22
1330 3988 1403 4044 Psal.
1416 3990 1473 4056 136,
1486 3991 1510 4043 1.

204 4097 235 4107 ·-
256 4069 295 4125 25
314 4069 378 4140 vgl.
390 4075 475 4125 Amos
487 4077 511 4136 1,
525 4073 565 4125 11.
584 4101 617 4110 -
635 4071 672 4126 26
691 4071 756 4142 ng
774 4073 871 4128 Onom.
884 4091 962 4128 sacra
979 4075 999 4138 Ι,
1013 4075 1070 4142 192,
1083 4075 1129 4130 85:
1145 4069 1288 4143 Ἰδουμαία
1370 4070 1388 4141 ἢ
1404 4075 1510 4142 γήινος.

272 4214 384 4276 2υῦτω
396 4223 445 4276 καί
463 4239 479 4276 ο
495 4223 499 4289 Ι
515 4217 716 4278 θάκούσατεο
732 4223 736 4288 1
752 4222 876 4279 ῦπάντα
889 4222 919 4280 δὲ
931 4231 1018 4279 ταῦτα
1032 4242 1048 4279 ο
1063 4225 1068 4293 Ι
1084 4221 1508 4296 ἐνεργεῖΉ-τδοΙΒτινεῦμα]

201 4301 328 4374 χάρισμα
346 4321 363 4358 ο
383 4309 387 4371 Ι
407 4305 427 4360 θ
444 4303 487 4375 τὸ]
506 4306 643 4374 <ο111
663 4307 871 4376 καί]<οΙῙ4
888 4303 943 4363 κάν
961 4309 1208 4364 ΒΙεεεΚσεΐεοὴοιι
1228 4307 1284 4378 vgl.
1302 4305 1443 4370 527111
1461 4308 1509 4361 καί

203 4387 255 4441 clo
271 4391 275 4454 Ι
292 4389 328 4445 17
343 4385 512 4460 ἀπόστολος]
522 4399 555 4450 <
568 4407 584 4445 ο
599 4393 604 4460 l
619 4391 657 4448 21
677 4389 900 4462 προσαγορεύων
919 4397 953 4460 σΙ
969 4392 1058 4460 21122
1076 4393 1251 4461 μεθυσθήσει
1268 4392 1317 4446 καί
1329 4387 1506 4461 διιοχέειςο

202 4472 242 4527 22
261 4472 330 4543 καίλ]
350 4479 382 4538 -1-
401 4469 417 4528 δ
437 4490 453 4527 ο
476 4473 481 4540 ί
501 4474 538 4529 22
556 4471 712 4540 ἐκκενοῦτε,
730 4472 878 4532 ἐκκειοῦτε
897 4477 959 4530 Vah
941 4479 1019 4547 t.gr
1038 4479 1147 4544 1153154
1164 4473 1328 4532 ἐκκενοῦται
1346 4471 1509 4531 ἐκκενοῦται

202 4574 239 4611 eo
258 4560 262 4624 Ι
282 4556 321 4613 24
339 4549 382 4627 06]
400 4566 435 4618 <
452 4574 467 4612 υ
486 4558 490 4624 Ι
509 4559 548 4614 25
565 4557 775 4630 Χριστοῦδέο
759 4563 800 4629 ol
820 4560 857 4615 21
878 4559 997 4630 ήμελλεν
1015 4579 1031 4616 0
1051 4563 1056 4630 Ι
1076 4561 1112 4616 28
1131 4565 1178 4631 φιλ
1181 4563 1350 4630 ηδονουντας
1367 4557 1508 4628 οΙιιλοίνη

202 4639 386 4712 οΙιιάθεσιν]
404 4641 522 4711 μίθεοιν
540 4659 563 4698 ο.
