3658 5566
320 490 370 544 Die
387 491 552 561 Fragmente
570 507 619 544 aus
637 489 684 543 der
701 491 808 544 Katene
826 509 860 544 zu
878 491 931 546 den
949 490 1069 546 Samuel·
1087 488 1145 544 und
1164 489 1397 559 Kbnigsbiiehern.
1445 495 1505 556 299

198 649 414 742 Ἰδουμαῖος
440 652 616 723 ἐνώπιον
643 659 784 740 κυρίου
811 649 1082 740 θεραπευόμενος
1108 659 1165 722 καί
1187 649 1505 740 ἐξομολογούμενος,

198 749 219 842 ἢ
243 759 418 842 δαιμονῶν
440 749 488 834 ούς
510 747 529 822 ὁ
553 751 703 835 Σαούλ,
727 743 767 823 οὗ
790 749 861 833 τὰς
883 746 1075 839 ἡμιόνους
1098 753 1242 836 ἔβοσκεν.

650 1005 707 1072 Nr.
728 1005 797 1071 XII.
840 1003 953 1070 ISam.
970 1011 1018 1084 21,
1034 1013 1060 1071 7.

279 1163 312 1238 ‘0
334 1167 449 1240 Σαούλ
481 1173 545 1239 τοῦ
574 1174 730 1258 πονηροῦ
758 1167 951 1257 πνεύματος
978 1166 1088 1238 τύπον
1115 1173 1223 1257 φέρει,
1250 1165 1417 1254 ἄρξαντος
1446 1173 1506 1238 τοῦ

162 1263 324 1356 δἸσραὴλ
355 1264 437 1339 τότε
466 1263 638 1350 εἰπόντος·
669 1262 731 1338 ούκ
762 1270 879 1356 ἐχομεν
906 1273 1047 1352 βασιλέα.
1090 1273 1146 1338 καί
1172 1265 1234 1356 γὰρ
1258 1261 1276 1337 ύ
1298 1263 1403 1337 πύλαι
1426 1264 1507 1348 λαός

196 1365 424 1453 ἐξουθενήσας
454 1365 518 1438 τὸν
543 1363 664 1454 κύριον
693 1365 913 1451 βασιλεύοντα
944 1362 1063 1450 αύτού,
1091 1362 1195 1456 ᾔτησε
1221 1365 1283 1437 τὸν
1305 1365 1422 1438 Σαούλ
1451 1364 1506 1453 ἀρ

195 1493 302 1553 χοντα
325 1461 420 1557 αύτῷ
443 1471 598 1556 δοθῆναι.

627 1701 684 1772 Nr.
706 1702 790 1768 XIII.
833 1702 946 1768 ISam.
964 1709 1012 1782 25,
1028 1709 1076 1770 22.

282 1860 350 1935 Ούκ
373 1861 485 1955 ούρεῖ
504 1884 555 1949 τίς
578 1866 684 1947 ἓστώς
705 1872 761 1936 καί
783 1871 888 1936 τοῦτο
910 1863 1010 1954 πρὸς
1033 1883 1189 1954 τοῖχον,
1213 1863 1276 1936 ἐὰν
1296 1864 1340 1956 μή
1361 1862 1507 1954 σχολάζῃ

143 1981 176 2035 10
194 1970 300 2036 τοῦτο
327 1956 391 2035 σύν
417 1970 503 2053 λέγει
528 1970 583 2036 καί
605 1964 669 2036 τὸν
690 1961 874 2054 ἀμέριμνον
895 1971 950 2034 καί
971 1970 1074 2053 μηθεν
1094 1970 1343 2054 προσδοκῶντα
1365 1975 1500 2048 παθεῖν,

193 2061 252 2134 ἐὰν
273 2055 294 2151 ή
318 2069 391 2135 τοῦ
413 2061 556 2148 Νάβαλ.

593 2287 650 2355 Nr.
671 2273 755 2354 XIV.
798 2287 1036 2366 lsam.28‚11.
1054 2294 1100 2355 12.

196 2432 199 2438 Ι
275 2443 316 2518 ‘H
337 2453 604 2540 ἐγγαστρίμυθος
631 2447 702 2521 τὸν
724 2449 913 2539 Σαμουὴλ
941 2447 1003 2522 ούκ
1030 2447 1204 2538 ἀνήγαγεν,
1233 2445 1405 2539 ἀμήχανον
1426 2442 1499 2536 γάρ,

143 2669 173 2721 1.
194 2544 274 2733 σύιέἐ
295 2545 420 2738 ἀνζιχβτιίἷ
442 2545 608 2640 ἀλήθειαν
630 2554 767 2640 εἴρηκεν.
804 2553 855 2631 τίς
878 2555 913 2620 δὲ
935 2541 1038 2631 οὗτος
1058 2555 1114 2620 καί
1136 2547 1192 2619 διὰ
1214 2553 1314 2629 ποίας
1330 2543 1501 2636 δυνάμεως

159 2675 235 2722 οαν
274 2675 303 2738 η,
419 2703 426 2718 .

614 2835 670 2902 Nr.
693 2836 762 2902 XV.
805 2836 835 2901 ΙΙ
851 2837 934 2902 Sam.
950 2847 977 2918 5,
992 2841 1082 2905 6-8.

274 2995 481 3088 Ἐπσλιόρκει
511 2997 577 3086 τὴν
603 2993 719 3082 Ἰεβούς
751 2995 770 3070 ὁ
798 3004 906 3084 Δαβίδ.
948 2994 1065 3083 Ἰεβούς
1098 3002 1133 3068 δέ
1160 2994 1180 3086 ἦ
1208 3003 1268 3067 νῦν
1293 2991 1503 3084 Ἰερουσαλήμ

193 3101 338 3185 ἐλέγετο,
367 3092 425 3167 ὅτε
450 3093 519 3168 ύπὸ
546 3093 761 3184 ἀλλοφύλους
787 3089 838 3187 ήν.
882 3101 914 3169 οί
937 3106 1055 3169 τοίνυν
1075 3092 1274 3182 Ίεβουσαῖοι,
1297 3091 1425 3175 είθότες
1447 3087 1501 3165 ὅτι

193 3193 417 3285 φιλύπταιχος
452 3187 495 3284 ἦν
527 3191 545 3266 ὁ
582 3202 696 3283 Δαβίδ,
733 3192 948 3284 ύπεβάλοντο
989 3196 1131 3268 ἀνωθεν
1168 3191 1235 3268 ἀπὸ
1273 3201 1336 3267 τοῦ
1373 3203 1502 3283 τείχους

140 3295 372 3383 κοτυφλούς
403 3303 467 3366 καί
497 3296 653 3384 χωλούς
684 3293 789 3368 αύτόν
815 3293 969 3386 ύβρίζειν.
1013 3292 1090 3368 ὁδὲ
1111 3293 1281 3386 κρατήσας
1303 3301 1365 3384 τῆς
1385 3289 1500 3384 Ἱεροσ-

192 3395 302 3486 σαλήμ
328 3402 500 3468 τοσοῦτον
522 3391 643 3484 ἀπέσχε
666 3402 728 3468 τοῦ
751 3404 920 3469 διαθεῖναι
941 3403 1055 3478 κακῶς
1077 3397 1157 3478 τούς
1180 3401 1437 3484 λελωβημένους
1459 3393 1500 3464 τὸ
1596 3449 1599 3454 .

191 3503 297 3584 σῶμα,
321 3491 369 3577 ούς
389 3502 446 3566 καί
470 3491 576 3584 νόμον
598 3500 724 3566 θέσθαι
746 3516 818 3578 τοῖς
840 3492 947 3569 αύτοῦ
967 3498 1195 3586 στρατιώταις
1210 3489 1376 3578 θανάτου,
1399 3497 1429 3564 εί
1449 3523 1501 3574 τις

191 3592 427 3686 ἐπιχειρήσειεν
457 3591 591 3667 ἀνελεῖν
612 3593 747 3682 τυφλὸν
770 3591 791 3684 ἢ
812 3592 936 3684 χωλόν.
979 3602 1055 3678 πᾶς
1081 3594 1144 3685 γὰρ
1167 3589 1185 3666 ὁ
1209 3593 1375 3665 τύπτων
1397 3597 1501 3682 φησίν

190 3691 429 3779 Ἰεβουσαῖον
448 3690 629 3782 χωλὸνή
656 3695 813 3780 τυφλὸν
840 3691 1029 3767 ἁπτέσθω
1057 3699 1098 3766 ἐν
1124 3700 1378 3785 παραξιφίδι,
1402 3719 1500 3764 τουτ-

140 3814 173 3869 25
192 3801 284 3864 έστιν
312 3791 531 3882 ἀναιρείσθω·
559 3800 587 3864 εί
613 3793 757 3884 γὰρκαὶ
783 3799 920 3884 έμίσουν
950 3794 1016 3885 τήν
1046 3795 1157 3884 ψυχήν
1179 3800 1288 3880 Δαβίδ,
1320 3789 1408 3865 ἀλλὰ
1429 3819 1499 3878 φει-

191 3899 270 3976 δοῦς
301 3888 511 3980 τυγχάνουσι.
554 3891 606 3964 διὸ
637 3889 790 3979 ἀξιοῦται
820 3901 881 3986 τῆς
906 3895 998 3982 παρὰ
1023 3891 1169 3965 πάντων
1195 3899 1292 3983 τιμῆς
1313 3891 1498 3981 λεγόντοιν·

190 3991 321 4081 χωλὸς
343 3999 409 4062 καί
432 3989 585 4078 τυφλὸς
608 3989 680 4064 ούκ
702 3993 971 4080 είσεζλεύσεται
994 4000 1049 4076 είς
1072 3995 1186 4065 οίκον
1207 3999 1359 4080 κυρίου,
1383 3995 1414 4062 οί
1436 3991 1499 4062 τὸν

192 4096 296 4174 Δαβίδ
314 4087 520 4180 ύβρίσαντες,
544 4082 595 4161 ὧν
617 4096 779 4178 ἐφείδετο.

277 4296 329 4353 δέ.
348 4295 411 4366 Vgl.
461 4294 533 4349 Sam.
551 4297 576 4360 8,
595 4297 619 4349 5.
637 4297 660 4349 7.
679 4325 712 4335 -
731 4295 809 4356 1811.
827 4296 892 4351 Dies
909 4296 1017 4352 scheint
1035 4295 1083 4351 der
1100 4298 1176 4350 sonet
1192 4295 1353 4350 bekannoen
1366 4293 1499 4364 Meinung

192 4379 238 4434 des
256 4380 388 4451 Origenes
406 4379 498 4434 disokt
516 4397 549 4434 zu
566 4379 792 4450 widersprechen.

276 4566 293 4620 θ
314 4563 422 4638 κύριον]
444 4567 516 4620 nach
533 4563 607 4619 LXX
625 4567 714 4638 Δαβίδ
731 4583 768 4621 υτ
788 4568 792 4632 Ι
818 4566 855 4622 18
873 4561 1045 4638 Ἰεβουσαῖοι]
1058 4572 1090 4629 ÷
1108 4560 1136 4620 οί
1158 4581 1173 4618 υ
1192 4566 1196 4633 Ι
1217 4564 1256 4620 Ιθ
1274 4559 1417 4636 ὑπέβαλον
1435 4580 1470 4618 sv
1493 4563 1497 4631 ί

192 4651 232 4706 23
250 4647 370 4719 ἀνελεῖν]
389 4658 422 4710 <
439 4649 517 4714 c*v*‚
537 4667 561 4704 ε.
580 4651 611 4706 R.
630 4655 656 4703 ο1
674 4650 832 4721 ῦίιειρετυίι.
852 4655 881 4706 v¹
896 4652 900 4718 Ι
917 4651 955 4707 25
973 4647 1136 4724 ἀναιρέσθω
1154 4667 1176 4706 υ.
