3658 5566
332 458 394 521 272
730 453 869 524 ΟιῦροοεεΙ
888 451 1245 525 ΚΙεςεΗοιὶετθοιυιαεαίυτ.

333 617 370 683 ἐν
392 617 443 702 τῷ
463 608 569 704 Ἀμώς
591 615 671 698 τούς
686 610 906 706 ἡγιασμένους
920 622 1098 704 ἐξέδωκαν,
1121 623 1365 704 Ναζιραίους
1387 611 1549 699 εἰπόντες.
1584 621 1639 704 με’-

332 739 457 800 μνηται
471 712 680 786 τούτωνκαὶ
694 721 835 804 Μωσῆς·
854 712 974 798 ὁποῖος
997 707 1039 804 ἦν
1052 723 1108 787 καὶ
1123 715 1289 804 Σαμψών.
1317 707 1403 804 ἦσαν
1421 720 1458 786 δὲ
1475 723 1533 786 καί
1546 713 1640 802 παρὰ

331 806 501 895 Ἰουδαίοις
517 817 529 902 ΙΙ
544 818 725 902 ἐπιφανείς.
756 815 809 887 διὸ
826 814 866 887 τό
880 823 942 903 μὲν
956 816 1139 905 καθαρὸν
1161 811 1278 887 αύτῶν
1293 810 1499 903 ἀντεξήτασε
1516 812 1638 902 χιόνι,
1663 831 1714 884 347
1820 809 1821 820 ¹

333 909 373 982 τό
405 917 442 983 δὲ
472 912 655 1001 λαμπρὸν
685 911 871 1003 γάλακτι·
900 914 1168 1005 ἐπορεύθησαν
1199 921 1234 986 δέ
1263 921 1306 1002 τῇ
1337 911 1473 1004 ἀσκήσει
1503 920 1639 1003 δοκιμα·

297 1017 473 1095 δοθέντες
504 1004 555 1084 ὦν
585 1017 836 1103 ἐπηγγέλλοντο
868 1023 919 1106 τῷ
949 1023 1038 1105 θεῷ,
1060 1016 1093 1087 οί
1118 1019 1270 1087 ἐκλεκτοὶ
1292 1020 1327 1086 δέ
1350 1010 1467 1085 αύτῶν
1487 1006 1519 1100 (ὃ
1541 1019 1642 1102 δηλοι

331 1107 377 1180 τὸ
413 1107 674 1201 ἀπόσπασμα)
709 1121 887 1186 πολιτείαν
917 1109 1079 1202 ούράνιον
1108 1117 1256 1202 ἔχουσιν·
1295 1119 1457 1184 τοιοῦτον
1486 1110 1549 1201 γάρ
1577 1117 1639 1201 τῆς

331 1215 537 1298 σαπφίρου
562 1210 603 1284 τὸ
629 1219 754 1302 χρῶμα.
797 1215 862 1303 ἔχει
888 1220 925 1285 δέ
951 1221 1005 1284 καὶ
1025 1210 1242 1302 χρυσιζούσας
1265 1220 1404 1300 φλέβας,
1427 1210 1480 1295 αίς
1502 1211 1542 1301 δὴ
1564 1210 1639 1300 τὴν

332 1309 413 1392 ίξιν
444 1305 560 1381 αύτοῦν
586 1305 605 1382 ό
628 1311 809 1402 Σύμμαχος
835 1309 1020 1399 ἀπεικάζει.
1049 1312 1090 1383 τό
1118 1310 1333 1399 ἀδιάφθορον
1355 1315 1498 1401 ἔχουσαν
1518 1317 1574 1382 καὶ
1596 1309 1638 1380 τὸ

331 1405 498 1498 διάπυρον
519 1408 606 1481 κατὰ
627 1417 829 1498 θεοσέβειαν.
1502 1409 1515 1426 '

279 1659 312 1712 10
717 1647 773 1716 Nr.
798 1649 878 1716 0111.
920 1649 1170 1736 Klage1.Jerem.
1185 1659 1212 1728 4,
1228 1655 1254 1717 8.

417 1815 481 1897 Τῆς
507 1817 735 1901 πνευματικῆς
760 1816 920 1898 ἐξέπεσαν
945 1809 1144 1901 ἐλλάμψεως
1170 1819 1224 1883 καὶ
1252 1818 1339 1902 λιμῷ
1368 1817 1419 1902 τῷ
1446 1816 1559 1901 νοητῷ
1588 1815 1637 1879 δι-

331 1903 509 1997 ετάκησαν,
533 1905 581 1992 οός
598 1916 744 1982 ἐοικέναι
767 1909 903 1996 ξύλοις
924 1924 1073 2001 ξηροῖς,
1096 1931 1168 1994 τοῖς
1186 1911 1231 2002 μὴ
1252 1915 1528 2000 >πεφυτευμένοις
1542 1911 1638 1997 παρὰ

328 2025 401 2090 ταῖς
424 2005 586 2094 διεξόδοις
607 2017 681 2081 τῶν
702 2006 863 2083 ύδάτων·
894 2005 1008 2082 ύποιοι
1036 2016 1097 2082 νῦν
1124 2013 1156 2081 οί
1177 2007 1256 2099 παρ’
1279 2007 1395 2091 αὐτοῖς
1419 2013 1516 2096 ίερεῑς
1537 2015 1637 2098 μηδε-

327 2114 408 2193 μίαν
438 2109 573 2195 ἔχοντες
607 2105 791 2198 εύτροφίαν
821 2106 1061 2199 πνευματικήν.
1103 2116 1159 2182 καὶ
1188 2109 1275 2181 κατὰ
1306 2107 1347 2181 τὸ
1374 2105 1480 2200 ῥητὸν
1507 2113 1551 2192 δέ,
1577 2103 1636 2176 ἀπ’

277 2225 309 2276 15
327 2204 485 2296 αἰσχύνης
521 2205 626 2295 άκρας
661 2207 703 2278 τὰ
732 2205 901 2297 πρόσωπα
937 2206 1053 2281 αὐτῶν
1083 2213 1289 2296 ἐμελαίνετο,
1327 2201 1383 2278 ότι
1414 2224 1486 2290 τοῖς
1516 2204 1637 2288 ἄλλοις

328 2301 452 2393 ὁμοίως
480 2302 734 2396 ἁμαρτάνοντες
760 2304 948 2399 ἀπήγοντο·
983 2314 1054 2380 ἐπεί
1080 2316 1135 2379 καὶ
1161 2313 1223 2379 νῦν
1244 2313 1299 2380 ἐπὶ
1322 2313 1395 2378 τῶν
1417 2329 1637 2393 καταισχυνο-

326 2411 441 2492 μένων
462 2403 482 2497 ἡ
506 2404 669 2496 συνήθεια
691 2414 744 2497 τῷ
766 2403 910 2497 ὀνόματι
932 2415 1099 2496 κέχρηται.

713 2643 744 2710 Ν
747 2669 770 2711 ε.
792 2645 872 2712 CIV.
913 2646 1037 2729 Klagel.
1051 2645 1164 2711 Jerem.
1180 2653 1208 2724 4,
1223 2651 1250 2712 9.

411 2813 555 2896 Πολὲμῳ
583 2806 645 2894 γὰρ
672 2823 829 2894 κρεῖττον
856 2803 1032 2896 συντόμως
1060 2813 1222 2878 τελευτᾶν
1248 2803 1269 2896 ἢ
1297 2813 1399 2896 λιμῷ
1421 2811 1634 2895 δαμασθῑγναι

274 2922 309 2978 ‘20
328 2901 369 2976 δι’
390 2903 535 2993 ἀπορίαν
566 2913 638 2976 τῶν
665 2911 701 2976 ἐν
731 2903 839 2996 ἀγρῷ
871 2903 1142 2996 γεννημάτων.
1185 2909 1291 2990 εἴποις
1313 2901 1346 2979 δ’
1368 2903 1411 2978 ἀν
1433 2907 1635 2995 ῥομφαίαν

327 3007 410 3076 είναι
431 3011 486 3077 καί
509 3003 705 3094 μάχαιραν
727 3003 916 3094 τὸνλόγον
938 3013 1001 3078 τοῦ
1023 3011 1119 3076 θεοῦ·
1149 3012 1230 3094 φησὶ
1252 3005 1314 3095 γάρ
1338 3001 1357 3077 ό
1380 3011 1527 3086 Παῦλος·
1559 3011 1632 3075 »καὶ

326 3103 391 3193 τὴν
420 3101 586 3195 μάχαιραν
617 3111 680 3177 τοῦ
709 3104 914 3197 πνεύματος,
938 3102 957 3177 ὅ
980 3109 1050 3176 ἐστι
1071 3107 1160 3195 ῥῆμα
1185 3111 1299 3189 θεοῦι,
1328 3100 1387 3192 ύφ’
1410 3096 1460 3188 ού,
1487 3111 1590 3194 φησίν
1611 3101 1631 3192 ἡ

325 3202 453 3294 νύμφη,
486 3211 698 3295 »τετρωμένη
722 3202 852 3295 ἀγάπης
874 3212 936 3296 εἰμί
959 3204 1055 3294 ἐγοόι.
1099 3210 1184 3294 λέγει
1207 3210 1319 3276 δὲκαὶ
1342 3199 1360 3274 ὁ
1384 3210 1496 3290 Δαβίδ·
1522 3211 1631 3290 »περί-

326 3314 430 3390 ζωσαι
458 3304 523 3392 τὴν
551 3307 722 3392 ῥομφαίαν
750 3327 811 3376 σου
832 3309 887 3375 ἐπὶ
909 3304 972 3377 τὸν
993 3300 1102 3394 μηρόν
1124 3329 1194 3381 σου,
1217 3309 1348 3377 δυνατί,
1379 3310 1422 3392 τῇ
1445 3299 1632 3391 ὦραιότητί

273 3417 306 3474 25
324 3427 387 3474 σου
408 3409 464 3474 καὶ
486 3410 538 3494 τῷ
560 3401 675 3476 κάλλει
697 3427 789 3474 σουι.
831 3401 898 3475 ύπό
921 3402 1081 3492 τοιαύτης
1107 3409 1296 3492 πληγέντας
1319 3405 1487 3492 ῥομφαίας
1508 3399 1632 3473 καλὸν

323 3499 391 3572 ύπὸ
414 3503 494 3586 τούς
511 3500 618 3585 πόδας
633 3520 748 3573 πεσεῖν
761 3499 864 3592 Ἰησοῦ
879 3503 966 3575 κατὰ
982 3503 1022 3574 τὸ
1045 3511 1138 3575 »λαοὶ
1160 3499 1325 3576 ύποκάτω
1342 3527 1403 3574 σου
1417 3507 1631 3573 πεσοῦνταιι.

323 3602 388 3690 τὴν
414 3598 520 3673 αὐτοῦ
542 3599 818 3692 ὁμολογήσαντας
839 3610 1017 3686 βασιλείαν,
1046 3598 1120 3675 ἀλλ’
1144 3599 1205 3691 ούχ
1228 3597 1357 3674 ἀλωναι
1379 3607 1467 3691 λιμῷ
1489 3607 1631 3690 ψυχικῷ.

323 3708 365 3790 γε’
372 3730 499 3791 ννημα
521 3701 582 3791 γὰρ
602 3702 715 3792 χώρας
738 3697 756 3772 ὁ
777 3699 932 3790 Χριστός,
955 3697 974 3774 ύ
997 3707 1035 3774 ἐν
1050 3709 1208 3792 Βηθλεὲμ
1224 3710 1407 3792 γεννηθείς,
1431 3695 1514 3788 ὅπερ
1531 3703 1631 3783 Οἶκος

322 3801 430 3888 ἀρτου
458 3811 666 3889 σημαίνεται,
695 3793 800 3890 οὗπερ
827 3801 981 3889 ἄγευστοι
1008 3798 1186 3892 γεγονότες
1212 3799 1362 3874 Ἰουδαῖοι
1389 3804 1435 3884 εἰς
1457 3799 1631 3890 δαιμόνων

408 4009 425 4064 2
446 4005 509 4078 vgl.
528 4008 607 4062 Num.
626 4009 700 4063 6.-
720 4008 782 4079 vgl.
801 4007 862 4062 Jud.
882 4009 922 4075 12,
941 4011 964 4064 5.
983 4039 1016 4048 -
1037 4008 1072 4064 12
1093 4005 1155 4078 vgl.
1175 4007 1247 4061 Psal.
1266 4011 1290 4074 1,
1307 4009 1331 4062 3.
1349 4035 1382 4046 -
1402 4007 1439 4062 21
1459 4005 1528 4077 Eph.
1545 4006 1570 4070 6,
1588 4009 1629 4060 11.

320 4121 353 4132 -·
373 4092 412 4148 23
435 4092 533 4148 Hohel.
554 4093 577 4158 2,
596 4095 620 4147 5.
638 4123 670 4132 —
689 4093 761 4146 Psal.
779 4095 821 4160 44,
839 4097 863 4146 4.
881 4122 914 4133 -
933 4093 970 4148 26
992 4092 1062 4148 ΡεεΙ.
1080 4096 1122 4158 44,
1139 4095 1163 4148 6.
1186 4122 1219 4131 -
1243 4091 1332 4160 28129
1356 4089 1418 4160 Vgl.
1436 4088 1533 4146 Onom.
1552 4106 1631 4144 sacra

321 4177 340 4240 Ι,
360 4176 417 4240 182,
435 4178 480 4232 93;
499 4175 630 4246 Βηθλεὲμ
650 4169 729 4242 οἶκος
746 4170 842 4250 ἄρτου,
861 4195 885 4230 u.
899 4183 923 4232 ὅ.

406 4362 422 4418 l
442 4361 517 4431 τοὺς]
527 4363 603 4430 <ο1
619 4361 637 4416 2
651 4363 720 4432 καθ]
734 4371 795 4422 <ο
810 4365 815 4430 Ι
829 4362 846 4417 θ
862 4371 988 4420 τοιοῦτοι
1000 4381 1016 4418 ο
1031 4363 1036 4432 Ι
1055 4364 1068 4418 7
1084 4363 1229 4434 σαπφίρου
1241 4367 1268 4416 0¹
1281 4363 1440 4434 σαπφείρου
1453 4361 1507 4414 υ*ο
1523 4361 1527 4428 Ι
1541 4357 1628 4414 soui-

321 4465 412 4518 φορον
434 4463 450 4502 υ
466 4448 470 4510 Ι
487 4448 525 4502 18
543 4445 595 4512 τὰς
611 4446 752 4512 διεξόδους
769 4465 785 4502 ο
805 4450 809 4515 Ι
830 4445 897 4502 ὁποι
914 4456 964 4502 νῦν
981 4465 998 4504 0
1019 4445 1091 4516 Ιαέἓ
1113 4464 1149 4502 co
1169 4451 1173 4514 Ι
1194 4447 1231 4504 15
1250 4443 1415 4516 ἐμελαίνετο
1433 4451 1458 4500 υι
1479 4441 1628 4512 ἐμελίιετο

320 4532 374 4586 υ*ο
393 4533 398 4600 Ι
418 4531 459 4586 20
476 4530 661 4601 γεννημάτων
679 4531 724 4586 Gh
741 4529 909 4602 γενημάτονν
931 4532 983 4588 olo
1007 4535 1011 4601 Ι
1035 4533 1124 4601 24125
1143 4533 1295 4602 τῇ-σουἺ
1313 4541 1345 4590 <
1364 4549 1380 4586 0
1400 4533 1404 4599 1
1426 4529 1462 4586 27
1482 4529 1629 4600 βασιλείαν

320 4613 555 4684 ὁμολογήσαντας
573 4634 589 4672 ο
605 4619 609 4684 Ι
625 4615 676 4686 οὐχ
690 4616 753 4671 Vat.
766 4633 805 4685 gr.
820 4618 928 4684 1153s54
946 4615 998 4672 οὐκ
1015 4632 1051 4672 eo
1066 4621 1070 4686 l
1087 4617 1123 4672 28
1141 4615 1275 4687 γε’ῗζνημα
1293 4633 1308 4670 υ
1325 4614 1434 4686 γίνημα
1453 4632 1469 4668 ο
1484 4616 1489 4681 Ι
1504 4611 1542 4682 δ’]
1557 4623 1589 4671 <
1603 4631 1629 4670 ο.
