3658 5566
318 493 377 554 294
560 489 698 561 Origenes
715 487 873 558 Erklflrung
890 489 939 542 dsr
956 489 1077 544 Samuel·
1094 489 1150 544 und
1168 489 1383 561 Konigsbficher.

318 655 515 740 περιέμενον
536 645 599 723 οῦν
621 653 686 742 τὴν
708 659 771 724 τοῦ
792 659 909 738 κυρίου
929 681 995 741 μου
1008 648 1113 742 Ἰησοῦ
1129 659 1278 740 Χριστοῦ
1299 657 1476 744 ἐπιδημίαν
1490 663 1546 726 καὶ
1560 685 1628 727 πα-

320 748 472 838 τριάρχαι
493 759 548 824 καὶ
570 759 746 842 προφῆται
767 758 822 822 καί
843 749 977 835 πάντες,
1001 747 1042 822 ἵν’
1058 744 1162 836 οὗτος
1184 752 1247 844 τὴν
1270 749 1353 826 όδόν
1375 749 1500 842 άνοίξη.
1539 757 1626 845 »ἐγώ

319 855 382 935 εἰμι
405 847 424 939 ἡ
448 845 557 936 όδόςι,
584 851 667 940 »ἐγώ
691 857 755 940 είμι
778 847 798 940 ἡ
820 849 938 940 θύραι.
974 846 1053 934 όδός
1075 856 1168 923 ἐστιν
1188 857 1241 924 ἐπὶ
1266 851 1307 925 τό
1330 852 1434 939 ξύλον
1448 861 1510 944 τῆς
1525 861 1624 944 ζωῆς,

318 951 373 1020 ίνα
396 956 534 1039 γένηται
560 951 637 1023 »ἐὰν
659 957 795 1038 διέλθῃς
818 949 871 1021 διά
893 945 1010 1041 πυρός,
1033 949 1122 1038 φλόξ
1145 949 1186 1023 ού
1204 953 1408 1026 κατακαύσει
1422 977 1485 1024 σει.
1522 961 1629 1026 ποίου

284 1045 439 1138 5πυρός;
468 1053 602 1138 »ἔταξεν
628 1050 670 1122 τό
693 1057 862 1139 Χερουβίμ
886 1057 942 1121 καί
967 1049 1033 1139 τὴν
1061 1058 1228 1142 φλογίνην
1250 1055 1423 1141 ῥομφαίαν
1445 1051 1508 1142 τὴν
1530 1079 1622 1142 στρε·

320 1155 474 1240 φομένην
495 1147 680 1238 φυλάσσειν
701 1149 765 1240 τὴν
788 1145 870 1222 όδόν
892 1155 955 1221 τοῦ
977 1147 1081 1237 ξύλου
1103 1155 1164 1240 τῆς
1186 1156 1310 1240 ζωῆςι·
1334 1149 1423 1223 ὥστε
1443 1151 1496 1224 διὰ
1516 1158 1623 1225 τοῦτο

233 1270 300 1324 ελσε
317 1255 516 1339 περιέμενον
542 1255 574 1322 οί
596 1248 752 1340 μακάριοι
775 1253 850 1332 ἐκεῖ,
873 1255 1071 1338 οἰκονομίαν
1090 1259 1094 1334 Ι
1113 1257 1293 1334 ποιοῦντες
1313 1251 1429 1341 καὶμὴ
1445 1249 1624 1340 δυνάμενοι

317 1341 407 1420 ὅπου
428 1347 470 1421 τό
492 1350 596 1437 ξύλον
617 1357 678 1441 τῆς
701 1357 799 1440 ζωῆς,
823 1344 912 1422 ὅπου
933 1344 952 1421 ό
975 1348 1176 1438 παράδεισος
1198 1345 1217 1422 ό
1242 1357 1305 1423 τοῦ
1320 1357 1414 1434 θεοῦ,
1438 1343 1526 1424 ὅπου
1542 1351 1625 1434 θεὸς

317 1447 472 1536 γεωργός,
497 1445 586 1523 όπου
608 1455 640 1522 οί
662 1447 818 1540 μακάριοι
840 1457 896 1520 καὶ
918 1452 1070 1520 ἐκλεκτοὶ
1092 1456 1147 1520 καί
1169 1441 1259 1539 όγιοι
1280 1456 1366 1520 θεοῦ
1388 1457 1553 1540 γενέσθαι.

268 1569 299 1620 10
402 1561 447 1620 10.
479 1546 584 1622 Οῦδέν
611 1543 674 1622 οῦν
699 1548 900 1639 πρόσκομμα
925 1546 1014 1619 κατὰ
1043 1547 1107 1620 τόν
1133 1547 1244 1622 τόπον
1270 1554 1371 1636 ἐστίν,
1398 1546 1485 1622 άλλὰ
1507 1549 1625 1624 πάντα

316 1655 513 1736 θαυμασίως
539 1655 723 1739 γέγραπται
748 1657 805 1720 καί
832 1647 990 1738 νενόηται
1018 1649 1069 1731 οίς
1096 1645 1138 1718 ἂν
1165 1643 1183 1720 ό
1206 1647 1287 1732 θεός
1310 1647 1522 1738 ἀποκαλύψῃ.
1565 1681 1623 1722 πε-

316 1744 432 1833 ρισσόν
458 1754 496 1820 δέ
516 1777 550 1820 τι
572 1751 688 1838 ἔχομεν
710 1744 801 1838 ἡμεῖς
823 1751 854 1818 οί
877 1755 931 1819 ἐπὶ
954 1756 1127 1840 συντελείᾳ
1149 1755 1224 1818 τών
1245 1749 1384 1820 αἰώνων
1405 1749 1624 1840 ἐληλυθότες.

317 1852 351 1915 τί
372 1843 546 1935 περισσόν,·
567 1848 626 1919 ἐὰν
647 1845 894 1938 ἀπαλλαγῶμεν
916 1853 1086 1932 ἐντεῦθεν,
1107 1845 1283 1936 γενόμενοι
1304 1857 1403 1922 καλοί
1417 1857 1472 1921 καί
1487 1847 1623 1940 άγαθοί,

315 1943 360 2034 μὴ
396 1943 597 2034 ἐπαγόμενοι
634 1947 677 2020 τά
713 1955 774 2038 τῆς
809 1944 972 2038 άμαρτίας
1002 1956 1141 2036 φορτία,
1172 1946 1408 2037 διελευσόμεθα
1438 1958 1493 2021 καὶ
1523 1947 1622 2022 αὐτοὶ

266 2065 298 2117 15
315 2041 393 2132 »τὴν
411 2053 578 2136 φλογίνην
599 2048 791 2136 ῥομφαίαν,
814 2057 870 2118 καὶ
892 2043 934 2119 ού
954 2045 1225 2136 κατελευσόμεθα
1246 2051 1292 2131 είς
1314 2047 1379 2138 τὴν
1399 2050 1515 2138 χώραν
1534 2043 1625 2122 όπου

316 2149 515 2233 περιέμενον
544 2145 608 2217 τόν
630 2147 780 2235 Χριστόν
811 2149 842 2218 οί
866 2147 934 2236 πρό
964 2151 1024 2237 τῆς
1054 2155 1240 2233 παρουσίας
1268 2145 1374 2218 αὐτοῦ
1399 2149 1621 2238 κοιμώμενοι·

316 2239 553 2332 διελευσόμεθα
583 2251 631 2321 δέ,
662 2252 765 2336 μηδὲν
799 2243 1028 2335 βλαπτόμενοι
1058 2241 1126 2316 ύπὸ
1158 2252 1219 2334 τῆς
1249 2255 1414 2334 φλογίνης
1443 2250 1622 2337 ῥομφαίας.

319 2339 481 2414 »ἑκάστου
502 2351 536 2414 δὲ
560 2345 600 2418 τό
624 2349 722 2434 ἔργον
745 2342 867 2418 ὁποῖόν
887 2351 968 2429 ἐστι,
992 2344 1033 2417 τό
1055 2352 1123 2432 πῦρ
1145 2342 1230 2415 αύτό
1252 2343 1433 2434 δοκιμάσει.
1475 2351 1505 2418 εἲ
1526 2376 1624 2430 τινος

315 2441 356 2510 τό
383 2443 484 2530 ἔργον
509 2445 773 2536 κατακαήσεται,
806 2444 1069 2535 ζημιωθήσεται,
1100 2441 1204 2527 αύτός
1231 2451 1266 2516 δὲ
1293 2444 1486 2536 σωθήσεται
1509 2440 1622 2528 οὕτως

264 2559 298 2612 20
315 2538 363 2624 ώς
393 2542 448 2614 διὰ
478 2541 614 2632 πυρόςι.
657 2541 893 2634 διελευσόμεθα
924 2538 999 2614 οῦν·
1032 2552 1088 2615 καὶ
1116 2551 1221 2616 πλέον
1248 2549 1364 2634 ἔχομέν
1390 2576 1437 2630 τι,
1464 2555 1519 2616 καὶ
1545 2543 1621 2635 ούχὶ

315 2639 489 2728 δυνάμεθα
518 2651 632 2728 καλῶς
657 2644 841 2727 βιώσαντος
870 2651 984 2728 κακῶς
1015 2641 1213 2731 ἀπαλλάξαι.
1256 2641 1317 2714 σῦκ
1350 2648 1466 2733 ἔλεγον
1496 2647 1527 2716 οἱ
1559 2641 1618 2736 άρ-

312 2760 401 2829 χαίοι
424 2739 501 2814 οῦδὲ
524 2747 555 2814 οί
577 2741 781 2834 πατριάρχαι
803 2741 879 2816 οῦδὲ
901 2747 933 2815 οί
955 2749 1139 2834 προφῆται,
1163 2737 1181 2814 ό
1204 2740 1378 2832 δυνάμεθα
1394 2741 1485 2833 ἡμεῖς
1501 2749 1617 2830 εἰπεῖν,

314 2839 373 2912 ἐὰν
401 2851 514 2925 καλῶς
531 2843 723 2942 βιώσαιμεν·
745 2841 899 2916 »κάλλιον
921 2842 983 2932 γάρ
1005 2840 1167 2914 άναλῦσαι
1189 2851 1243 2914 καί
1266 2844 1327 2914 σὺν
1349 2851 1488 2934 Χριστῷ
1511 2847 1620 2916 είναιι.

315 2938 433 3030 διόπερ
460 2936 571 3026 οῦτως
598 2947 733 3030 ἔχοντές
760 2974 794 3014 τι
818 2949 927 3015 πλέον
952 2951 1008 3014 καί
1034 2942 1124 3014 πολύ
1149 2948 1266 3030 κέρδος
1292 2949 1402 3032 ἐντῷ
1426 2949 1479 3015 ἐπὶ
1502 2970 1617 3016 συντε-

263 3057 295 3111 25
315 3050 387 3133 λεία
423 3049 497 3112 τών
532 3043 672 3114 αἰώνων
708 3047 922 3133 ἐληλυθέναι,
959 3049 1092 3130 πριῦτοι
1128 3041 1169 3113 τό
1201 3039 1359 3131 δηνάριον
1390 3040 1617 3134 λαμβάνομεν·

314 3139 417 3212 ἄκουε
444 3143 507 3230 γὰρ
534 3149 595 3232 τῆς
622 3150 827 3232 παραβολῆς,
856 3136 911 3212 ότι
940 3138 1141 3230 »ἀρξάμενος
1163 3147 1275 3213 ἐδίδου
1298 3140 1339 3212 τό
1362 3140 1524 3231 δηνάριον
1547 3139 1617 3215 άπὸ

312 3249 386 3311 τών
416 3240 581 3329 ἐσχάτων·
612 3247 644 3313 οί
675 3247 711 3313 δὲ
741 3250 876 3331 πρώτοι
908 3237 1022 3330 ώοντο
1050 3235 1104 3312 ότι
1130 3239 1247 3312 πλεῖόν
1275 3270 1308 3311 τι
1334 3240 1533 3332 λήψονταιι.
1575 3243 1620 3314 σύ

312 3333 374 3411 οῦν
395 3351 549 3428 πρῶτος,
572 3337 590 3412 ό
613 3345 750 3430 ἐσχατος
773 3342 901 3426 ἐλθών,
925 3337 1102 3430 λαμβάνεις
1128 3343 1208 3426 τοὺς
1229 3343 1372 3433 μισθούς
1394 3339 1462 3414 άπό
1485 3349 1548 3414 τοῦ
1569 3347 1617 3412 οἰ-

311 3438 524 3512 κοδεσπότου
555 3447 593 3512 ἐν
620 3448 758 3532 Χριστῷ
785 3437 890 3526 >Ιησοῦ
920 3447 971 3529 τῷ
1002 3448 1109 3530 κυρίῳ
1141 3439 1247 3532 ἡμῶν.
1280 3434 1309 3532 ᾧ
1337 3439 1357 3532 ἦ
1385 3439 1467 3528 δόξα
1493 3449 1547 3512 καὶ
1574 3440 1618 3512 τὸ

260 3553 293 3604 3ο
309 3537 436 3628 κράτος
458 3545 503 3623 είς
526 3543 605 3624 τοῦς
629 3544 754 3625 αἰῶνας
777 3549 850 3613 τών
872 3541 1019 3612 αίώνων.
1062 3537 1170 3631 Ἀμήν.

395 3710 451 3766 lff.
468 3709 528 3780 Vgl.
540 3711 707 3781 Apollinaris
724 3711 793 3780 (sod.
804 3730 820 3764 v
830 3710 877 3764 fol.
888 3711 960 3778 T3r):
985 3713 1039 3780 Τὴν
1049 3712 1174 3784 Χριστοῦ
1190 3711 1273 3784 χάριν
1290 3707 1461 3782 ἀγνοοῦντός
1478 3730 1551 3776 τινες
1567 3713 1619 3780 την

309 3799 510 3860 μετατιθεῖσαν
527 3793 558 3862 ἐξ
570 3789 639 3872 ξίδου
651 3792 702 3860 τάς
713 3794 824 3866 ψυχὰς.
839 3837 845 3849 .
858 3835 864 3849 .
878 3837 885 3850 .
898 3793 950 3850 οῦκ
962 3792 1128 3851 ἐπίστευσαν
1140 3803 1174 3865 τῇ
1186 3803 1282 3866 γραφῇ
1294 3802 1329 3866 τῇ
1341 3799 1470 3868 περὶτοῦ
1482 3797 1619 3864 Σαμουὴλ

308 3875 348 3944 ὼς
366 3875 396 3934 έν
413 3869 483 3956 ξέσον
500 3879 692 3950 κατεχομένης
713 3887 761 3948 τῆς
779 3886 870 3950 ψυχῆς
888 3877 975 3935 αίτοῦ
1077 3876 1132 3935 ἔδει
1154 3879 1183 3936 δὲ
1201 3879 1386 3946 πιστεύοντας
1408 3887 1442 3949 τῇ
1464 3887 1560 3950 γραφῇ
1577 3883 1619 3950 μη

309 3962 440 4020 πλάττειν
467 3963 563 4030 αέτοῖς
588 3965 709 4031 δαίμονα
735 3967 793 4019 κτλ.
829 3964 893 4032 Vgl.
912 3963 1072 4017 Anastasius
1090 3963 1197 4019 Sinsita
1221 3965 1306 4034 (MPG
1325 3967 1367 4027 89,
1386 3967 1457 4032 705)τ
1488 3959 1543 4018 ύτιδ
1566 3967 1619 4032 την

307 4057 388 4120 χεῖρα
406 4057 457 4104 τοῦ
474 4049 607 4122 διαβόλου
625 4044 751 4119 ὑπῆρχον
770 4055 859 4104 πᾶσαι
878 4044 907 4102 αί
926 4047 1022 4117 ψυχαί,
1040 4053 1097 4102 τῶν
1115 4043 1204 4118 ἁγίων
1222 4051 1270 4104 καὶ
1282 4055 1340 4104 τῶν
1358 4045 1544 4120 ἁμαρτωλῶν,
1563 4043 1620 4114 ἕως

308 4124 342 4186 οί
359 4130 507 4188 κατελθὼν
526 4131 613 4203 ἐντῷ
633 4127 683 4210 ζέδη
703 4129 719 4187 ὁ
734 4132 857 4204 Χριστὸς
875 4127 936 4188 εἷπε
954 4139 1013 4196 τοῖς
1032 4127 1062 4186 έν
1078 4133 1203 4201 δεσμοῖς·
1221 4131 1357 4200 ἐξέλθετε.
1377 4165 1407 4173 —
1427 4135 1446 4190 2
1464 4134 1526 4190 Joh.
1540 4137 1579 4198 14,
1592 4135 1620 4190 6.

308 4218 370 4272 -0
388 4218 449 4272 Joh.
462 4221 501 4281 10,
515 4219 616 4274 9.-4
634 4218 687 4273 Jes.
700 4221 741 4282 43,
753 4219 777 4272 2.
791 4217 1013 4282 —5Gsn.3‚24.
1027 4247 1059 4256 -
1074 4219 1108 4274 11
1125 4218 1423 4287 Vgl.IKor.2‚10‘?—
1438 4219 1487 4276 12.
1499 4217 1539 4272 24
1552 4217 1619 4288 vgl.

308 4301 1619 4373 Hebr.9,2ss?-14v31.Pssl.37‚5.—15V31.Gen.3‚‘24.-181K0r.3,13.15

307 4385 373 4454 (ναί.
387 4405 434 4440 τοι
451 4385 531 4441 βοτηε
549 4386 596 4440 des
614 4387 701 4441 Citabs
719 4385 918 4454 Tischsndorf).
937 4417 970 4426 -
988 4385 1027 4441 28
1047 4385 1108 4455 Vgl.
1121 4386 1192 4442 Phil.
1206 4391 1229 4452 1,
1242 4387 1283 4442 23.
1304 4417 1337 4426 -
1355 4387 1395 4442 20
1414 4387 1512 4442 matth.
1531 4389 1572 4454 20,
1590 4388 1619 4444 8.

309 4472 348 4525 10.
366 4503 400 4511 -
418 4471 457 4526 28
476 4471 539 4541 Vgl.
557 4471 656 4525 Masth.
671 4471 712 4538 20,
732 4473 771 4526 16.

391 4621 408 4675 2
427 4612 517 4691 οὗτος]
537 4620 626 4687 οῦτως
645 4623 671 4675 M
688 4624 692 4690 Ι
709 4623 728 4677 4
746 4619 870 4691 γένηται]
882 4628 914 4684 -ί-
928 4619 960 4676 τδ
980 4621 1135 4674 Koetschau
1152 4625 1154 4686 ί
1172 4622 1209 4677 22
1230 4618 1254 4690 ὃ]
1274 4619 1308 4676 οῦ
1327 4621 1364 4676 Μ.
