3694 5542
307 460 370 525 200
751 457 889 528 Origenes'
906 459 1165 516 Jeremiahomilien.

308 625 482 705 τροπικῶς
503 624 698 708 λεγομένων
719 617 900 692 λεόντων
922 631 1082 711 γίνεσθαι,
1105 619 1125 712 ἡ
1149 628 1184 693 δὲ
1205 623 1294 695 κατά
1315 623 1380 714 τὴν
1401 633 1527 713 γνῶσιν
1548 625 1615 700 ύπό

308 723 381 788 τῶν
402 714 530 804 βλάψαι
551 718 592 790 τό
615 720 812 808 δισρατικόν
834 727 896 811 τῆς
914 729 1024 812 φυχῆς
1038 729 1270 811 βουλομένων·
1293 719 1314 813 ἦ
1336 723 1398 813 γάρ
1420 721 1616 814 πάρδαλις

307 820 477 905 ἐπιπηδᾶν
497 814 645 908 μάλιστα
666 826 800 908 λέγεται
821 838 894 904 τοῖς
917 816 1120 910 όφθαλμοῖς,
1143 816 1162 893 ό
1185 829 1220 895 δὲ
1243 829 1346 894 λέων
1368 821 1417 907 ῶς
1431 829 1615 912 ἱστορεῖται

308 912 454 1004 γηράσας
488 926 567 1008 περὶ
597 918 667 1002 τὰς
697 917 835 1004 πόλεις
866 925 1000 1010 νέμεται
1032 920 1221 1010 θηρεύειν
1250 929 1369 995 θέλων
1400 920 1615 1013 άνθρῶπσυς.

272 1019 440 1104 ὃλέγεται
462 1021 498 1087 δέ
521 1010 575 1089 ότι
595 1025 651 1088 καὶ
673 1023 710 1090 ἐκ
731 1027 805 1091 τῶν
828 1016 945 1092 ὀστῶν
965 1017 1072 1091 αύτοῦ
1092 1027 1321 1110 κοπτομένων
1342 1017 1615 1113 ἢπτισσομένων

306 1121 373 1200 πύρ
405 1120 578 1205 ἐξέρχεται.
619 1125 675 1188 καὶ
703 1123 785 1202 ἰ’σως
815 1127 920 1193 λέων
951 1119 994 1192 όν
1020 1125 1147 1210 εἴηκαὶ
1172 1118 1370 1208 πάρδαλις
1396 1117 1415 1194 ό
1443 1130 1615 1212 Ναβουχο-
1733 1115 1735 1120 ’

306 1210 462 1306 δονόσορ,
485 1214 550 1306 τὴν
571 1213 674 1290 πόλιν
697 1219 788 1292 ἐλῶν
808 1227 864 1292 καὶ
887 1216 935 1302 ῶς
961 1213 1158 1308 πάρδαλις
1185 1221 1266 1303 τούς
1287 1216 1489 1309 ὀφθαλμούς
1510 1219 1614 1312 αύτῆς

305 1317 458 1402 ἐξαιρῶν,
490 1316 554 1388 τόν
583 1325 721 1404 βασιλέα
751 1319 812 1389 σύν
842 1338 915 1402 τοῖς
944 1321 1111 1408 πράτοις,
1142 1317 1285 1408 ὕστερον
1315 1327 1351 1393 δὲ
1376 1328 1431 1392 καὶ
1452 1329 1614 1393 Σεδεκίαν

304 1414 385 1498 τούς
408 1408 610 1504 ὀφθαλμούς
631 1413 792 1505 ἐκκόψας·
819 1413 904 1491 όστᾶ
926 1425 962 1491 δὲ
984 1417 1091 1492 αύεοῦ
1112 1426 1251 1509 νοηθείη
1275 1417 1526 1508 Ναβουζαρδάν,
1548 1421 1614 1512 τὴν

254 1526 288 1582 10
303 1509 407 1584 πόλιν
428 1511 607 1604 ἐμπρήσας.

759 1640 817 1708 Nr.
838 1639 893 1707 IV.
935 1640 1050 1707 Jerem.
1066 1647 1094 1720 7,
1108 1646 1158 1706 21.

388 1785 453 1868 (23)
475 1789 605 1870 Σαφῶς
627 1781 794 1870 ἐξετάζειν
816 1783 962 1859 διδάσκει
984 1792 1037 1868 τίς
1058 1779 1168 1873 όπερὶ
1188 1792 1345 1857 θυσιῶν
1366 1782 1484 1870 τόπος,
1507 1780 1612 1876 άφορ·
1630 1795 1683 1853 289

303 1875 367 1966 μάς
397 1907 435 1950 τε
464 1880 508 1952 τά
541 1877 640 1970 λόγια
671 1888 787 1955 δίδωσι
818 1891 975 1975 λέγοντα·
1009 1892 1128 1956 »θυσία
1161 1892 1213 1976 τῷ
1239 1892 1313 1976 θεῷ
1341 1891 1473 1974 πνεῦμα
1499 1909 1612 1957 συντε-

303 1983 516 2067 τριμμένονι,
546 1989 602 2052 καί
644 1981 789 2054 »θύσατε
819 1990 943 2054 θυσίαν
974 1981 1217 2072 δικαιοσύνηςι.
1261 1985 1342 2067 τούς
1368 1990 1404 2057 δέ
1428 1985 1473 2074 μὴ
1499 1978 1611 2068 ούτως

252 2099 285 2153 15
304 2079 452 2166 ἔχοντας,
475 2087 552 2169 περὶ
574 2087 610 2152 δέ
631 2090 751 2165 θυσίας
773 2086 1006 2173 ἐπτοημένους
1027 2081 1220 2172 σωματικάς
1241 2087 1447 2172 ἐπέστρεφεν
1462 2078 1481 2156 ὁ
1496 2084 1610 2174 σωτὴρ

303 2183 424 2268 λέγων·
458 2185 505 2250 »εί
535 2186 572 2252 δέ
601 2183 781 2271 ἐγνῶκειτε
808 2190 843 2253 τί
867 2187 972 2254 ἐστιν·
1003 2186 1099 2254 ἔλεον
1124 2187 1220 2256 θέλω
1246 2192 1302 2256 καὶ
1325 2180 1366 2255 ού
1387 2192 1520 2268 θυσίαν,
1548 2182 1610 2256 ούκ

302 2275 344 2346 ἂν
369 2277 610 2352 κατεδικάσατε
637 2281 718 2364 τούς
744 2277 948 2365 άναιτίουςι.
990 2275 1045 2353 ότι
1071 2287 1107 2353 δέ
1133 2289 1211 2371 περὶ
1230 2290 1405 2369 μυστικῶν
1426 2279 1447 2373 ἦ
1469 2282 1610 2374 τοιαύτη

301 2384 494 2465 νομοθεσία,
517 2385 653 2464 Παῦλος
674 2384 801 2469 ἐδίδαξε
823 2388 947 2470 λέγων·
972 2381 1114 2464 »οἵτινες
1135 2377 1355 2471 ὑποδείγματι
1375 2387 1431 2451 καὶ
1453 2386 1529 2474 σκιᾷ
1551 2391 1608 2452 λα·

302 2475 457 2564 τρεύουσι
479 2485 552 2551 τῶν
573 2484 815 2568 ἐπουρανίωνι.

250 2676 284 2731 20
774 2665 832 2733 Nr.
854 2667 892 2734 V.
933 2667 1048 2733 Jerem.
1063 2671 1091 2746 8,
1106 2675 1134 2734 7.

383 2813 448 2899 (21]
474 2812 636 2900 Τρυγών
656 2820 721 2883 καὶ
741 2813 914 2900 χελιδὼν
936 2809 1059 2901 άγροῦ
1080 2820 1294 2901 στρουθία,
1315 2815 1347 2884 οί
1363 2819 1494 2885 συνετοὶ
1510 2811 1608 2901 άκρο·

300 2917 378 2980 αταί
398 2914 505 2981 καλοί
527 2917 574 2994 είς
595 2910 637 2983 τό
660 2918 768 3000 λέγειν
790 2911 833 2984 τά
854 2919 1036 3000 κρείττονα
1055 2913 1177 2995 ίκανοί,
1201 2911 1403 3000 ἐφύλαξαν
1425 2917 1461 2984 ἐν
1481 2919 1605 3003 καιρῷ

298 3018 472 3081 ποιεῖσθαι
493 3011 554 3093 τὰς
575 3015 661 3093 ἰδίας
682 3007 876 3096 είσόδους,
901 3008 990 3083 ὥστε
1012 3011 1053 3084 τὸ
1075 3008 1260 3101 λεγόμενον
1281 3021 1518 3084 καθικνεῖσθαι
1532 3019 1606 3084 τῶν

299 3103 515 3196 άκσυόντων,
538 3108 784 3200 συντρεχούσης
809 3116 871 3200 τῆς
897 3108 1030 3182 εἰσόδου
1056 3117 1118 3201 τῆς
1138 3110 1311 3199 χελιδόνος
1337 3119 1380 3200 τῇ
1402 3108 1522 3202 εἰσόδῳ
1545 3119 1606 3202 τῆς

247 3223 281 3278 25
300 3235 473 3297 τρνγονθς·
744 3296 802 3364 ΝΒ
823 3297 879 3363 η]
920 3297 1162 3376 Jerem.10,16.

381 3446 446 3531 (28)
468 3437 605 3526 Ἀκύλας
619 3448 675 3514 καὶ
693 3448 889 3514 Θεοδοτίων
905 3447 1085 3530 ἐξέδωκαν·
1109 3437 1174 3514 ότι
1196 3437 1215 3513 ό
1236 3440 1391 3525 πλάσας
1405 3442 1454 3514 τά
1471 3440 1606 3515 πάντα

298 3536 419 3624 αύτός
441 3545 540 3627 ἐστι,
562 3549 628 3614 καὶ
648 3538 797 3633 Ἰσραὴλ
820 3540 965 3631 ῥάβδος
985 3549 1256 3631 κληρονομίας
1278 3539 1412 3614 αύτοῦ.
1455 3547 1547 3630 εἴπερ
1570 3549 1605 3614 δὲ

382 3709 442 3766 ur.
460 3711 525 3783 Vgl.
544 3730 567 3768 ι.
579 3713 610 3766 Β.
628 3710 855 3766 Pseudoeustath.
873 3711 903 3765 in
921 3711 1052 3766 Ηεκεὲαι.
1071 3712 1174 3767 Comm.
1192 3713 1226 3768 35
1243 3711 1285 3766 εδ,
1303 3711 1360 3767 AL:
1383 3707 1429 3767 ἐπί
1450 3707 1502 3777 τὰς
1524 3707 1607 3782 δ’ψεις

297 3799 354 3850 τῶν
384 3799 532 3868 θηρευτῶν
558 3792 760 3865 ἐφιπτάμενον.
789 3825 823 3834 -
851 3795 912 3851 Mt.
938 3795 1001 3865 Vgl.
1020 3795 1139 3852 Aristot-
1156 3795 1219 3851 hist.
1242 3795 1325 3852 anim.
1348 3799 1377 3858 9,
1398 3798 1445 3851 44ι
1474 3793 1548 3868 πρὸς
1576 3793 1606 3851 δὲ

296 3877 347 3945 τὰς
375 3881 472 3946 πόλεις
503 3874 637 3953 ἔρχονται
666 3878 789 3948 μάλιστα
820 3882 870 3935 καί
899 3879 965 3946 τοὺς
992 3877 1166 3953 ἀνθρώπους
1196 3877 1351 3946 ἀδικοῦσιν,
1375 3875 1445 3936 ὅταν
1467 3877 1606 3950 γένωνται

297 3969 459 4039 πρεσβῦται.
489 3964 716 4020 Ρεευδοευεῖεθι.
734 3965 753 4019 1.
772 3981 795 4020 ο.
812 3963 940 4036 γηράσας
961 3964 991 4020 δὲ
1078 3961 1220 4036 ἐφεδρεύει
1242 3972 1304 4030 ταῖς
1325 3963 1449 4030 πόλεσιν,
1472 3963 1604 4034 θηρεύειν

296 4046 337 4114 είς
361 4051 460 4121 βίωσιν
488 4048 555 4116 τούς
581 4046 754 4122 ἀνθρώπους
778 4047 955 4120 γλιχόμενος.
979 4080 1011 4089 -
1033 4049 1083 4105 81.
1102 4049 1355 4118 113111115524,
1374 4051 1415 4105 14.
1441 4079 1475 4088 -
1497 4049 1516 4105 8
1540 4047 1604 4119 vgl.

296 4133 402 4187 ΙΙΚδη.
420 4135 461 4202 25,
481 4137 504 4188 7.
523 4134 791 4204 -81131111155
809 4135 850 4200 25,
869 4135 945 4188 9.-
965 4133 1093 4190 18Ρεε1.
1111 4135 1152 4194 50,
1171 4135 1211 4190 19.
1230 4163 1263 4174 -
1282 4132 1321 4189 14
1342 4134 1495 4201 Ρεει1.4,6.
1513 4162 1546 4171 -
1565 4133 1603 4189 18

295 4214 921 4285 1181111.12,7.-18Ηε1)ε.8,5.-2111.
944 4218 1008 4289 Vgl.
1026 4217 1100 4272 Hier.
1120 4218 1221 4272 Comm.
1240 4217 1433 4287 900¹?-VgL
1452 4218 1506 4272 ίεε.
1524 4218 1548 4276 3.
1567 4217 1603 4272 32

379 4367 397 4422 2
415 4367 608 4440 βουλομένων]
621 4376 654 4433 -1-
667 4365 884 4442 <ιιαρδάλεων>2
899 4369 935 4434 12
952 4366 1019 4433 τοὺς
1032 4365 1201 4439 ὀφθαλμούς
1219 4385 1235 4422 0
1251 4373 1255 4436 Ι
1270 4368 1289 4423 4
1306 4367 1409 4438 θέλων]
1422 4377 1484 4427 <ο
1499 4369 1503 4435 1
1519 4367 1538 4423 5
1557 4365 1602 4422 αύ-

293 4458 345 4507 τσῦ
362 4451 372 4504 1
391 4449 484 4508 αὐτῶν
502 4470 539 4508 σο
555 4456 559 4521 Ι
578 4455 591 4508 7
612 4450 697 4520 αὐτῆς
715 4455 764 4507 00¹
782 4449 884 4516 αὐτοὺς
901 4453 934 4507 ο*
949 4450 985 4521 18
1003 4449 1123 4524 ἐξαιρῶν
1140 4453 1388 4509 Β1εεε11οεῖεε11ευ
1406 4449 1526 4524 ἐξαίρων
1544 4469 1580 4506 co
1598 4454 1601 4515 Ι

296 4535 333 4590 11
346 4535 462 4606 Σαφῶς]
476 4554 596 4608 anonym
608 4537 772 4606 amAnfang
784 4536 833 4590 der
844 4535 945 4592 Seiteo
962 4537 966 4603 Ι
983 4537 1019 4591 12
1030 4536 1128 4607 τόπος]
1141 4535 1227 4606 λόγος
1240 4537 1284 4591 Gh
1298 4539 1303 4606 Ι
1318 4537 1354 4593 18
1365 4537 1405 4607 τε]
1416 4546 1449 4597 <
1461 4554 1477 4591 c
1491 4540 1495 4604 ]
1512 4537 1550 4594 15
1562 4537 1602 4606 δε]

293 4629 353 4680 <ο
368 4622 370 4685 l
387 4621 488 4694 σωτὴρ]
499 4629 532 4690 γς
545 4640 561 4677 o
577 4626 581 4691 Ι
597 4621 637 4679 28
648 4619 858 4689 καθικνεῖσθαι]
871 4623 903 4675 x²
913 4620 943 4674 in
953 4620 1014 4674 Rau.
1027 4622 1055 4675 α’
1068 4621 1290 4692 καθηγνίσθαιο
1306 4621 1310 4689 ]
1327 4620 1366 4677 28
1385 4617 1474 4694 είπερ]
1487 4615 1566 4677 εἶπεν
1579 4638 1602 4675 ο.
