3658 5566
310 469 370 530 276
704 455 843 528 Origenoe’
861 455 1217 527 magelioderkommentar.

308 619 388 693 καθ’
411 618 514 712 ήμῶν.
558 638 676 692 νοοῖτο
698 616 731 693 δ’
748 615 791 690 ἀν
812 629 868 692 καί
890 627 965 706 περὶ
987 627 1061 691 τῶν
1082 615 1291 692 ἀποστόλων
1312 610 1363 690 ῶν
1384 615 1617 708 »ἀνεκαινίσθη

308 719 357 805 ῶς
378 719 479 793 ἀετοῦ
501 716 521 810 ή
542 716 680 810 νεότης.

664 915 721 981 Nr.
743 915 853 983 CXVI.
896 914 1020 1000 KlageL
1034 914 1149 980 Jerem
1165 921 1193 996 4,
1208 920 1256 982 20.

393 1069 484 1147 Τινὲς
512 1065 641 1150 ἔφασαν
667 1058 715 1144 ώς
741 1065 778 1132 ἐν
805 1080 877 1143 τοῖς
903 1064 1085 1148 ἐξαιρέτοις
1112 1065 1376 1148 διαφανέστερον
1399 1055 1462 1129 τὸν
1483 1054 1615 1130 Ἰωσίαν

271 1171 442 1250 υθρηνεῖ·
475 1157 621 1252 ήλπιζον
649 1161 713 1249 γὰρ
745 1160 798 1232 διὰ
829 1166 890 1249 τῆς
921 1157 1028 1230 αῦτοῦ
1059 1165 1250 1246 θεοσεβείας
1281 1153 1515 1246 ἀνασταθῆναι
1546 1157 1614 1246 τήν

303 1256 512 1352 Ἰερουσαλήμ
539 1268 577 1334 ἐν
598 1267 690 1351 μέσῳ
711 1265 828 1332 ἐθνῶν
849 1261 895 1342 είς
917 1257 1033 1346 δόξαν,
1056 1265 1094 1330 ἐν
1119 1265 1210 1349 μέσῳ
1232 1257 1296 1346 γδιρ
1318 1261 1435 1329 ἐθνῶν
1458 1255 1478 1347 ή
1498 1253 1613 1346 Ἰερου-

304 1358 420 1451 σαλήμ.
463 1361 571 1446 τύπος
592 1367 627 1432 δέ
654 1352 769 1444 οῦτος,
797 1366 891 1448 φασί,
916 1365 1073 1448 Χριστοῦ,
1101 1357 1155 1430 διά
1182 1356 1243 1439 τὰς
1268 1353 1410 1446 ἀνομίας
1432 1358 1613 1447 τεθνηκώς

304 1466 367 1531 τοῦ
388 1469 481 1533 λαοῦ.
521 1470 633 1532 καίτοι
652 1457 714 1532 οῦκ
736 1465 778 1533 ἐν
801 1477 887 1542 ταῖς
908 1465 971 1530 τοῦ
986 1465 1071 1531 λαοῦ
1093 1455 1329 1547 συνελήφθη
1351 1465 1610 1545 διαφθοραῖς.

304 1556 376 1631 ἀλλ’
401 1557 449 1644 ῶς
474 1557 769 1650 ἀπαγορεύσαντος
795 1565 858 1632 τοῦ
883 1556 1067 1649 προφήτου
1092 1554 1303 1647 συναντήσας
1326 1557 1448 1646 Νεχαώ
1474 1557 1610 1642 Φαραώ,

252 1677 285 1729 10
301 1669 421 1750 καίπερ
443 1659 529 1750 πρὸς
555 1657 663 1732 αύτῦν
685 1657 746 1732 οῦκ
767 1663 925 1731 ἐθέλοντι
945 1663 1159 1746 μαχέσασθαι.
1194 1655 1282 1728 κατὰ
1302 1664 1421 1728 τοίνυν
1435 1654 1497 1727 τὸν
1512 1665 1612 1726 θεῖον

301 1758 498 1833 ἀπόστολον
518 1757 685 1849 »κάλυμμα
708 1766 758 1849 τῶ
781 1758 957 1848 προσώπῳ
982 1764 1054 1828 τῶν
1075 1753 1247 1828 Ἰουδαίων
1268 1761 1434 1827 ἐπίκειται
1454 1761 1611 1838 Μωσέως

303 1857 631 1950 ἀναγινωσκομένου·
661 1857 722 1930 ἐὰν
752 1865 787 1931 δὲ
820 1861 1012 1946 ἐπιστραφῇ
1042 1855 1129 1944 πρὸς
1158 1856 1285 1944 κύριον,
1318 1874 1539 1946 περιαιρεῖται
1566 1853 1609 1924 τὸ

300 1957 470 2048 κάλυμμα·
492 1955 511 2030 δ
534 1967 570 2032 δέ
590 1957 705 2048 κύριος
728 1958 769 2030 τὸ
791 1953 922 2046 πνεῦμά
944 1961 1055 2028 ἐστιν.
1092 1955 1145 2028 διὰ
1168 1963 1203 2029 δὲ
1226 1963 1289 2029 τοῦ
1303 1952 1487 2045 προφήτου
1501 1951 1609 2042 ῥητὸν

300 2064 454 2146 πνεῦμα
486 2066 573 2146 λέγει
602 2057 665 2129 τὸν
694 2055 822 2144 κύριον.
866 2057 916 2139 οίς
948 2050 1010 2128 οῦν
1036 2061 1201 2128 ἐπίκειται
1221 2054 1389 2145 κάλυμμα,
1417 2049 1479 2127 οῦκ
1501 2051 1544 2124 ἀν
1564 2057 1608 2122 εἴ·

249 2173 282 2225 15
300 2179 412 2229 ποιεν·
434 2165 586 2247 πνεῦμα
608 2156 828 2247 προσώπου
849 2153 961 2246 ήμῶν
984 2156 1158 2244 Χριστὸς
1178 2154 1330 2245 κύριος,
1354 2151 1428 2228 ἀλλ’
1452 2158 1484 2226 οί
1509 2150 1607 2226 »ἀνα-

298 2263 538 2347 κεκαλυμμένῳ
564 2257 741 2346 προσώπῳ
769 2256 834 2346 τὴν
861 2253 963 2342 δόξαν
984 2262 1102 2344 κυρίου
1122 2251 1458 2344 κατοπτριζόμενοιι,
1483 2246 1533 2324 ῶν
1555 2249 1606 2325 ἀεὶ

298 2355 365 2443 πρὸ
388 2363 462 2427 τῶν
483 2363 544 2448 τῆς
570 2363 721 2439 διανοίας
744 2350 938 2443 ὀφθαλμῶν
959 2360 1052 2456 ἐστιν
1073 2349 1093 2426 δ
1113 2353 1240 2444 κύριος·
1264 2351 1311 2438 ῶς
1326 2359 1338 2443 Ι
1354 2359 1462 2443 δῆλον
1485 2347 1539 2424 ότι
1561 2352 1603 2424 τὸ
1628 2381 1685 2438 350

297 2459 478 2545 ἐνεργῆσαν
500 2462 537 2529 ἐν
559 2475 632 2540 τοῖς
652 2453 846 2546 προφήταις
868 2462 998 2545 πνεῦμα
1020 2457 1063 2542 ήν
1086 2449 1276 2544 ῦΧριστός,
1300 2449 1337 2538 ὃς
1358 2462 1414 2525 καί
1430 2457 1605 2542 ἐνανθρω-

296 2551 405 2643 πήσας
427 2564 542 2644 φησίν·
568 2553 689 2640 »αῦτὸς
711 2550 730 2626 ό
754 2563 872 2628 λαλῶν
892 2552 1059 2644 πάρειμιι,
1082 2551 1185 2636 αύτός
1204 2546 1256 2623 όῦν
1271 2561 1401 2643 πνεῦμα
1416 2560 1472 2625 καί
1486 2552 1603 2642 κύριος

244 2667 278 2722 20
294 2663 351 2724 καί
375 2651 528 2742 Χριστός.
562 2663 691 2728 τοῦτον
713 2661 898 2739 συνέλαβον
920 2659 952 2726 οί
974 2661 1233 2744 διαφθείραντες
1255 2660 1401 2742 πρῶτον
1414 2658 1452 2724 ἐν
1467 2655 1602 2735 ἑαυτοῖς

295 2760 356 2843 τής
389 2763 578 2841 θεοσεβείας
609 2755 651 2826 τὰ
682 2762 864 2844 σπέρματα.
913 2751 985 2826 ἀλλ’
1008 2749 1100 2842 ἡμεῖς
1130 2758 1162 2824 οἱ
1192 2760 1369 2843 προφῆται
1399 2749 1461 2824 οῦκ
1492 2751 1601 2824 ἀλλον

293 2851 472 2943 ήγούμενοι
507 2855 549 2927 τὸ
583 2861 740 2944 πνεῦμα
777 2860 841 2924 τοῦ
874 2853 1095 2943 προσώπου
1128 2849 1255 2943 ήμῶν,
1290 2853 1374 2942 μετὰ
1404 2851 1470 2941 τήν
1502 2847 1600 2940 ήμῶν

293 2951 495 3042 σύλληψιν
524 2961 640 3045 μηκέτι
671 2951 782 3027 τόπον
814 2955 950 3042 ἔχοντες
980 2957 1016 3024 ἐν
1042 2948 1170 3038 αύτοῖς,
1197 2950 1264 3024 ῦπό
1294 2961 1336 3041 τῇ
1363 2958 1426 3024 τοῦ
1449 2957 1599 3038 Χριστοῦ

291 3059 380 3145 σκιᾷ
402 3050 617 3143 ζησόμεθα,
635 3054 749 3125 ούκέτι
764 3053 856 3143 παρὰ
871 3049 1049 3136 Ἰουδαίοις,
1065 3049 1138 3125 ἀλλ’
1155 3057 1195 3124 ἐν
1211 3047 1304 3133 όλοις
1319 3070 1405 3134 τοῖς
1420 3055 1596 3134 ἔθνεσιν,

240 3161 272 3216 25
291 3145 349 3223 ὅτε
382 3149 537 3243 »ἀρθεῖσα
573 3150 593 3242 ή
629 3161 779 3236 βασιλεία
816 3159 878 3224 τοῦ
908 3159 993 3224 θεοῦ
1021 3149 1078 3224 ἀπ’
1101 3149 1229 3224 αῦτῶν<
1259 3152 1314 3224 διὰ
1344 3151 1386 3223 τό
1415 3151 1503 3222 κατὰ
1534 3157 1598 3222 τοῦ

291 3257 440 3341 Χριστοῦ
462 3249 616 3342 τόλμημα
636 3248 754 3340 >ἐδόθη
778 3270 850 3333 τοῖς
877 3255 1031 3324 ἔθνεσιν.
1073 3251 1147 3322 ίδοῦ
1177 3250 1239 3340 γὰρ
1270 3258 1372 3338 ζῶσιν
1398 3255 1435 3322 ἐν
1462 3247 1540 3341 ήμῖν
1563 3255 1597 3324 οί

288 3359 478 3442 προφήτου,
501 3358 685 3434 λαλοῦντες
711 3360 788 3440 περὶ
814 3347 920 3423 αύτοῦ
941 3359 996 3422 καὶ
1017 3349 1254 3440 κηρύσσοντες,
1282 3347 1357 3424 ἀλλ’
1381 3347 1495 3422 οῦκέτι
1518 3349 1595 3438 παρ’

288 3455 436 3534 ἐκείνοις,
461 3471 532 3534 τοῖς
555 3453 605 3522 ’ἑτι
626 3457 681 3521 καί
706 3456 766 3520 νῦν
789 3447 895 3522 αύτόν
927 3469 1013 3534 ταῖς
1044 3453 1200 3523 ἑαυτῶν
1231 3457 1478 3541 διαφθοραῖς
1503 3479 1596 3540 περι-

287 3548 476 3634 βάλλουσιν,
493 3547 649 3640 ὁσημέραι
668 3559 947 3642 βλασφημοῦντες
963 3546 1078 3623 αύτόν.
1111 3545 1181 3621 δδὲ
1196 3547 1333 3633 Ἀκύλας
1355 3553 1419 3639 ἔφη
1441 3557 1597 3640 πνεῦμα

235 3667 269 3722 30
286 3648 501 3740 μυκτήρων
527 3647 653 3739 ήμῶν,
675 3648 859 3738 Σύμμαχος
882 3657 917 3723 δὲ
944 3649 1047 3740 πνοή
1073 3647 1287 3740 μυκτήρων
1315 3647 1433 3739 ήμῶν.
1477 3655 1509 3722 οἱ
1531 3649 1595 3740 γὰρ

285 3760 458 3836 θεοφιλεῖς
486 3749 539 3821 διὰ
566 3748 697 3832 παντὸς
722 3748 785 3821 τόν
809 3749 958 3838 Χριστὸν
986 3747 1203 3834 ἀναπνέουσι,
1231 3749 1299 3840 πρὸ
1322 3745 1516 3839 ὀφθαλμῶν
1537 3748 1595 3821 αῦ-

285 3847 349 3918 τόν
380 3852 521 3936 ἔχοντες.
564 3855 678 3922 ἰστέον
709 3855 745 3921 δὲ
776 3843 830 3922 ότι
861 3848 974 3936 ώσπερ
1005 3845 1195 3936 όΧριστὸς
1224 3856 1355 3938 πνεῦμα
1382 3842 1434 3921 ῶν
1461 3855 1594 3934 ἐντοῖς

284 3947 478 4038 προφήταις
513 3945 686 4038 ἐλάλησεν,
724 3943 817 4022 οῦτω
854 3958 911 4021 καί
947 3944 965 4020 ὁ
1002 3947 1128 4039 πατήρ·
1159 3954 1245 4037 λέγει
1276 3949 1338 4037 γὰρ
1369 3954 1407 4020 ἐν
1437 3957 1481 4039 τῇ
1506 3947 1594 4038 πρὸς

282 4042 452 4138 Ἑβραίους
474 4045 492 4120 ό
515 4055 659 4131 Παῦλος.
690 4055 908 4137 »πολυμερῶς
930 4055 985 4120 καί
1007 4045 1238 4138 πολυτρόπως
1259 4045 1366 4122 πάλαι
1388 4043 1407 4119 ὁ
1430 4047 1511 4131 θεὸς
1532 4058 1592 4120 λα-

368 4220 384 4275 1
405 4219 469 4290 vgl.
481 4219 553 4274 Psal.
567 4220 624 4284 102,
637 4221 661 4275 5.
680 4249 713 4256 -
731 4217 751 4274 4
767 4219 831 4288 Vgl.
844 4220 869 4272 II
882 4219 981 4274 Chron.
993 4221 1034 4284 35,
1047 4220 1088 4274 25.
1101 4249 1134 4259 —
1148 4217 1185 4274 11
1199 4218 1263 4288 Vgl.
1276 4218 1302 4272 11
1315 4219 1380 4274 Kor.
1393 4221 1417 4286 3,
1431 4222 1539 4276 15-17.
1556 4249 1592 4260 —

282 4302 320 4360 15
338 4303 364 4358 II
377 4303 440 4359 Kor.
453 4307 477 4372 3,
491 4306 530 4360 18.
543 4333 577 4343 -
590 4304 629 4359 10
647 4303 700 4357 Jes.
720 4305 761 4366 52,
780 4305 855 4360 6.-
876 4303 945 4360 251.
964 4303 1027 4374 Vgl.
1045 4303 1144 4358 Matth.
1163 4305 1203 4366 21,
1221 4304 1264 4360 43,
1281 4333 1314 4343 -
1334 4303 1373 4360 04
1391 4303 1473 4359 Hebr.
1492 4307 1552 4371 1,1.
1565 4305 1591 4359 2.

367 4457 381 4511 ί
402 4455 470 4526 φησί
488 4457 558 4524 018
577 4452 617 4525 ἐν]
637 4450 672 4510 ἂν
690 4455 724 4521 cl
741 4457 912 4525 σννειλὴφθη
930 4458 1080 4528 διαφοραῖς
1097 4473 1113 4512 ο
1129 4456 1133 4523 Ι
1148 4457 1183 4512 10
1201 4453 1385 4538 μαχέσασθαι
1402 4455 1536 4511 cod.Vat.
1549 4474 1590 4526 gr.

280 4541 389 4606 1153154
405 4543 591 4610 μαχήσασθαι
608 4540 660 4595 clo
676 4541 680 4608 Ι
697 4540 734 4594 11
748 4537 861 4606 κώλυμα
875 4555 891 4592 ο
907 4542 911 4606 Ι
928 4541 966 4596 12
984 4537 1165 4611 ἐπιστρέφηο
1181 4543 1184 4608 Ι
1201 4541 1240 4596 24
1258 4539 1472 4610 σκιάζησδμεθα
1485 4557 1501 4596 o
1514 4557 1591 4596 σκια-

279 4625 390 4692 ζόμεθα
408 4625 438 4678 ο*
457 4624 550 4697 χάριτι
569 4642 592 4678 a.
605 4623 636 4677 R.
656 4630 682 4677 οι
698 4625 701 4691 Ι
719 4623 755 4679 20
773 4620 858 4693 έδόθη
878 4625 922 4679 Gh
935 4627 1006 4692 δοθη
1019 4643 1050 4679 eo
1066 4627 1069 4693 Ι
1086 4625 1123 4683 27
1143 4625 1357 4698 κηρῦττοντεςο
1373 4627 1377 4692 Ι
1393 4625 1429 4682 01
1446 4623 1506 4694 τδνΙ
1520 4632 1554 4684 <
1566 4640 1590 4682 ο.
