3768 5544
382 463 423 526 48
828 453 967 527 Origenes'
985 457 1245 514 Joremiuhomilien.

383 622 429 702 είς
450 626 594 689 πίστινι.
637 625 739 707 φησὶν
761 613 781 692 δ
804 626 953 704 Παῦλος·
979 627 1072 692 »νυνί
1094 626 1130 692 δέ
1150 627 1242 710 μένει
1264 619 1308 693 τὰ
1330 628 1407 710 τρία
1429 627 1548 707 ταῦτα,
1570 627 1693 706 πίστις,

383 723 486 802 ἐλπίς,
509 714 636 808 άγάπη·
657 727 782 807 μείζων
806 727 841 791 δέ
862 717 1002 792 τοῦτων
1024 715 1045 810 ἦ
1067 716 1211 809 άγάπηι.
1247 717 1295 804 ῶς
1317 715 1494 810 ὀφθαλμοί
1514 729 1633 811 κυρίου
1648 725 1694 806 είς

383 826 512 902 πίστιν,
544 812 719 908 ὀφθαλμοί
744 828 863 909 κυρίου
889 821 934 901 είς
960 823 1094 904 ἐλπίδα,
1125 813 1301 909 ὀφθαλμοί
1327 827 1445 909 κυρίου
1471 825 1518 904 είς
1549 817 1694 912 ἀγάπην.

382 921 454 989 ἐπεὶ
481 923 519 988 δέ
543 920 635 989 ἐστιν
660 925 804 1008 >πνεῦμα
832 915 1006 1009 δυνάμεως
1033 927 1089 991 καί
1116 916 1247 1009 ἀγάπης
1267 927 1323 992 καὶ
1346 927 1612 1010 σωφρονισμοῦ,
1645 918 1693 1005 ῶς

349 1011 559 1106 5όφθαλμοὶ
585 1025 703 1107 κυρίου
731 1025 777 1101 είς
803 1015 951 1107 άγάπην,
979 1012 1091 1102 οῦτως
1117 1013 1292 1108 ὀφθαλμοὶ
1318 1026 1436 1108 κυρίου
1463 1026 1511 1104 εἰς
1539 1019 1695 1110 δύναμιν,

383 1111 496 1200 οῦτως
526 1121 580 1204 [οἱ]
611 1112 786 1207 ὀφθαλμοὶ
812 1125 931 1208 κυρίου
953 1124 999 1202 είς
1021 1115 1269 1209 σωφρονισμόν.
1367 1113 1544 1209 ὀφθαλμοὶ
1573 1128 1694 1209 κυρίου

383 1220 438 1288 ἐπὶ
460 1216 684 1307 δικαιοσύνην.
727 1212 840 1302 οῦτως
861 1221 916 1290 ἐπὶ
938 1217 1048 1302 πάσας
1069 1215 1190 1308 άρετὰς
1213 1213 1387 1307 ὀφθαλμοὶ
1408 1225 1536 1309 κυρίου.
1579 1227 1608 1292 εἰ
1630 1213 1693 1292 οῦν

381 1315 495 1402 βούλει
517 1324 573 1389 καὶ
595 1316 635 1388 οὐ
655 1316 717 1401 τὰς
739 1315 879 1402 άκτῖνας
901 1327 974 1390 τῶν
995 1325 1133 1409 νοητῶν
1155 1313 1350 1407 ὀφθαλμῶν
1364 1324 1428 1388 τοῦ
1444 1324 1529 1389 θεοῦ
1544 1317 1692 1407 φθάνειν

382 1420 437 1488 ἐπὶ
464 1423 513 1502 σε’,
545 1414 693 1503 ἅνάλαβε
723 1416 784 1502 τάς
807 1416 936 1508 ἀρετάς.
978 1426 1034 1491 καὶ
1055 1419 1149 1491 ἐσται
1171 1415 1219 1500 ῶς
1240 1415 1282 1490 τό
1308 1415 1432 1507 »κόριε,
1464 1421 1496 1490 οί
1519 1413 1693 1508 όφθαλμοί

333 1527 366 1581 10
384 1541 446 1588 σου
463 1523 510 1600 εἰς
530 1523 676 1602 πίστινι,
699 1510 811 1601 οῦτως
836 1516 955 1608 »κῦριε,
979 1522 1011 1590 σί
1033 1513 1208 1606 ὀφθαλμοί
1230 1541 1307 1589 σουι
1332 1524 1379 1600 είς
1402 1519 1546 1591 ἕκαστον
1569 1511 1619 1592 ῶν
1634 1519 1694 1590 ἐὰν
1806 1550 1812 1574 1

382 1614 490 1705 κτήσῃ
513 1614 667 1705 ἀγαθῶν.
708 1623 765 1688 καί
786 1616 846 1689 ἐόν
868 1623 1071 1707 τηλικοῦτος
1091 1621 1146 1706 ᾐς,
1179 1613 1227 1700 ῶς
1248 1617 1329 1700 τοῦς
1351 1612 1553 1708 δφθαλμοῦς
1574 1623 1694 1707 κυρίου

383 1713 567 1806 ἐλλάμπειν
593 1739 660 1802 σοι,
691 1720 787 1806 ἐρεῖς·
825 1717 1033 1808 »ἐσημειῶθη
1059 1713 1113 1805 ἐφ’
1137 1713 1222 1807 ἡμᾶς
1248 1715 1290 1789 τό
1318 1723 1393 1805 φῶς
1419 1723 1484 1790 τοῦ
1505 1719 1695 1808 προσώπου

384 1841 454 1901 σου,
476 1815 598 1902 κῦριει.

467 1926 494 1986 2.
518 1917 603 1986 Εἶτα
628 1925 706 2006 περὶ
732 1924 806 1990 τῶν
832 1913 1048 2007 ἁμαρτωλῶν
1070 1921 1196 2006 ἴδωμεν
1218 1913 1259 1987 τό
1282 1912 1468 2004 λεγόμενον
1494 1922 1693 2006 »ἐμαστίγω-

333 2028 365 2080 15
383 2039 442 2097 σας
470 2011 595 2098 αῦτοδς
619 2023 675 2087 καί
705 2013 766 2089 οῦκ
792 2014 992 2108 ἐπόνησανι.
1036 2010 1135 2090 αῦται
1161 2019 1195 2089 al
1221 2023 1381 2104 αἰσθηταὶ
1406 2014 1564 2107 μάστιγες
1589 2025 1693 2104 ζῶσιν

383 2111 656 2205 προσφερόμεναι
678 2116 841 2206 σῶμασιν,
874 2122 941 2190 εέδε
961 2117 1145 2202 βούλονται
1167 2119 1232 2188 είτε
1254 2113 1298 2208 μὴ
1319 2115 1505 2204 βούλονται
1526 2121 1558 2188 οἱ
1579 2141 1692 2206 μαστι-

383 2213 554 2303 γοῦμενοι,
585 2209 696 2285 πόνον
726 2219 924 2306 ἐμποιοῦσιν
954 2215 1083 2301 αὐτοῖς·
1115 2221 1149 2288 al
1179 2221 1214 2286 δὲ
1241 2222 1305 2287 τοῦ
1330 2221 1417 2287 θεοῦ
1440 2213 1597 2305 μάστιγες
1623 2247 1691 2287 τοι-

383 2319 482 2384 αῦταί
503 2318 586 2384 εἰσιν
609 2311 656 2398 ῶς
679 2343 776 2400 τινας
798 2323 859 2406 μὲν
880 2324 954 2388 τῶν
975 2321 1253 2406 μαστιγουμένων
1274 2333 1407 2399 πονεῖν,
1442 2315 1538 2398 τινὰς
1560 2321 1595 2387 δέ
1618 2323 1691 2386 τῶν

381 2420 658 2504 μαστιγουμένων
679 2413 724 2505 μὴ
746 2435 873 2488 πονεῖν.
909 2421 1035 2506 ἴδωμεν
1056 2421 1085 2487 εί
1106 2412 1282 2503 δυνάμεθα
1297 2412 1527 2512 διηγήσασθαι,
1550 2423 1584 2486 τί
1598 2419 1691 2486 ἐστιν

332 2531 367 2587 20
383 2511 425 2583 τὸ
447 2532 567 2585 πονεῖν
590 2510 658 2586 άπὸ
680 2523 855 2605 μαστίγων
875 2521 960 2588 θεοῦ
981 2524 1037 2588 καὶ
1059 2523 1094 2586 τί
1115 2514 1157 2587 τό
1178 2514 1223 2604 μὴ
1244 2533 1374 2598 πονεῖν,
1396 2521 1452 2585 καὶ
1467 2507 1522 2586 ότι
1536 2519 1691 2586 κακοδαί-

382 2641 484 2702 μονες
505 2617 537 2684 οἱ
557 2613 603 2704 μὴ
623 2621 815 2700 πονοῦντες
836 2611 904 2688 άπὸ
925 2623 1099 2706 μαστίγων
1114 2621 1208 2698 θεοῦ,
1231 2611 1388 2704 μακάριοι
1404 2620 1439 2685 δὲ
1455 2616 1486 2686 οἱ
1500 2619 1691 2697 πονοῦντες

384 2708 451 2783 άπὸ
473 2719 647 2802 μαστίγων
668 2723 762 2788 θεοῦ.
799 2723 900 2806 φησὶν
921 2715 984 2804 γὰρ
1006 2711 1027 2805 ἦ
1049 2723 1177 2802 Σοφία·
1204 2718 1273 2796 »τίς
1295 2713 1396 2785 δῶσει
1410 2718 1465 2785 ἐπὶ
1480 2720 1544 2786 τοῦ
1558 2711 1690 2802 διανοή-

382 2808 489 2902 ματός
509 2843 575 2903 μου
596 2811 769 2903 μάστιγας,
792 2822 847 2887 καὶ
870 2819 925 2886 ἐπὶ
948 2822 1022 2886 τῶν
1044 2819 1184 2902 χειλέων
1204 2842 1271 2903 μου
1294 2818 1460 2902 σφραγῖδα
1475 2812 1690 2902 πανούργων.

384 2915 437 2982 ἵνα
464 2917 517 2982 ἐπί
541 2931 614 2996 τοῖς
635 2910 843 3003 άγνοὴμασίν
864 2943 929 3004 μου
949 2913 994 3003 μὴ
1017 2921 1217 3002 φείσωνται,
1247 2921 1304 2984 καί
1327 2917 1359 2984 αἱ
1382 2908 1540 3002 άμαρτίαι
1561 2941 1626 3003 μου
1646 2912 1690 3001 μὴ

332 3029 365 3084 25
384 3007 598 3084 δπολέσωσίν
622 3040 703 3101 με«,·
733 3011 878 3103 πρόσχες
904 3020 955 3104 τῷ
986 3021 1056 3098 »τίς
1082 3013 1183 3085 δῶσει
1208 3016 1263 3084 ἐπὶ
1288 3019 1352 3084 τοῦ
1378 3009 1607 3102 διανοήματός
1627 3041 1692 3101 μου

299 3131 367 3186 234r
383 3107 589 3201 μάζστιγαςς
611 3109 737 3186 οῦκοῦν
753 3119 764 3202 ΙΙ
780 3118 840 3184 είσι
861 3111 1016 3202 μάστιγες
1031 3112 1072 3184 τό
1088 3110 1254 3202 διανόημα
1267 3117 1495 3201 μαστιγοῦσαι.
1530 3115 1565 3182 αἱ
1579 3108 1691 3200 μάστι·
1710 3125 1762 3180 164

384 3240 438 3301 γες
461 3217 523 3281 τοῦ
543 3217 629 3283 θεοῦ
651 3210 692 3283 τό
715 3209 882 3303 διανόημα
903 3219 1133 3303 μαστιγοῦσιν·
1156 3208 1257 3299 λόγος
1276 3210 1338 3301 γὰρ
1353 3206 1616 3300 καθαπτόμενος
1631 3215 1693 3298 τῆς

384 3317 492 3400 ψυχῆς
512 3318 568 3382 καί
590 3317 635 3392 είς
658 3317 910 3401 συναίσ<θησ>ιν
931 3309 1039 3402 αὐτὴν
1061 3311 1154 3402 ἄγων
1176 3320 1250 3383 τῶν
1265 3307 1510 3402 ἡμαρτημένων
1524 3329 1691 3399 μαστιγοῖ·

382 3427 540 3498 μαστιγοῖ
560 3414 595 3480 δὲ
617 3409 680 3481 τόν
701 3417 763 3499 μὲν
784 3409 951 3499 μακάριον
967 3419 1142 3485 πονοῦντα
1157 3416 1212 3484 ἐπὶ
1228 3429 1302 3495 ταῖς
1315 3407 1458 3500 μάστιξι,
1479 3421 1692 3481 καθικνεῖται

331 3523 366 3579 30
383 3507 446 3597 γὰρ
473 3505 579 3580 αῦτοῦ
605 3509 648 3581 τά
675 3507 852 3600 λεγόμενα,
883 3519 938 3584 καὶ
966 3510 1028 3584 οῦκ
1049 3518 1244 3599 ἐξευτελίςει
1267 3509 1330 3582 τόν
1352 3513 1535 3599 ἐλέγχοντα
1558 3505 1615 3582 ἄπ’
1637 3505 1693 3580 αῦ-

383 3615 453 3680 τοῦ.
496 3609 583 3681 ἐπὰν
605 3617 643 3682 δέ
664 3639 715 3692 τις
737 3607 875 3701 εὑρεθῇ,
906 3609 949 3682 ἵν’
971 3605 1083 3694 οῦτως
1105 3615 1207 3695 ε’ίπω,
1239 3607 1461 3700 ἀναίσθητος,
1492 3606 1692 3699 λεχθήσεται

381 3715 459 3796 περὶ
485 3705 605 3781 αῦτοῦ·
639 3714 884 3800 »ἐμαστίγωσας
910 3708 1034 3795 αῦτοῦς
1064 3717 1119 3782 καί
1146 3707 1207 3782 οῦκ
1238 3707 1439 3799 ἐπόνησανι.
1491 3716 1555 3781 τοῦ
1585 3705 1692 3780 αῦτοῦ

467 3915 482 3969 1
503 3915 514 3967 Ι
533 3915 596 3969 Kor.
616 3916 656 3982 13,
676 3917 716 3971 13.
735 3945 766 3955 -
786 3917 804 3972 4
823 3916 1016 3986 vgl.11Tim.
1036 3920 1059 3981 1,
1078 3917 1101 3970 7.
1120 3942 1152 3955 -
1176 3915 1213 3971 12
1233 3913 1304 3968 Psal.
1322 3915 1347 3980 4,
1366 3915 1389 3967 7.
1414 3943 1445 3952 -
1471 3913 1510 3968 22
1529 3911 1580 3967 sir.
1598 3912 1639 3979 22,
1658 3913 1690 3966 27

381 3999 422 4056 23.
436 3999 460 4055 2.
472 3999 497 4052 3.
515 4029 547 4038 -
567 4001 604 4055 25
622 3999 670 4054 Sir.
684 4001 725 4066 22,
739 4003 771 4058 27
795 4001 836 4066 23,
850 4005 874 4058 2.
887 4003 912 4057 3.

466 4183 485 4238 θ
569 4181 725 4255 ὀφθαλμοί]
743 4185 803 4240 hier
821 4185 928 4240 scheint
945 4185 990 4238 ein
1002 4183 1167 4240 vordersatz
1185 4201 1219 4238 τα
1236 4183 1337 4248 fehlen,
1356 4185 1428 4237 etwa
1445 4178 1508 4238 ἐπεί
1525 4181 1555 4238 δέ
1572 4178 1692 4238 ἐστικαὶ

384 4265 431 4323 »ἐκ
449 4268 570 4335 πίστεως
586 4267 763 4338 δικαιοσύνηι
784 4268 871 4338 (Βσω.
885 4272 925 4334 10,
939 4270 972 4339 6),
991 4263 1031 4334 ὣς
1049 4267 1197 4339 ὀφθαλμοὶ
1207 4269 1306 4340 κυρίου
1320 4265 1375 4332 »είς
1387 4267 1505 4332 πίστευε,
1524 4260 1614 4331 οῦτως
1625 4265 1692 4320 oder

382 4349 468 4420 ὡςδὲ
488 4350 651 4422 »ὀφθαλμοί
667 4355 766 4424 κυρίου
785 4351 829 4408 ἐπί
848 4353 986 4419 δικαίουςι
1005 4353 1143 4420 (Ρεε1.33,
1156 4355 1207 4420 16),
1226 4347 1316 4418 οὕτως
1332 4353 1381 4406 καί
1396 4353 1400 4420 Ι
1417 4352 1453 4408 17
1473 4357 1603 4407 τοιαῦται
1621 4349 1691 4404 veo

380 4445 498 4494 τοιαῦτα
516 4438 533 4493 S
553 4441 557 4505 1
577 4439 692 4494 21-28
710 4437 811 4492 Hierzu
828 4439 936 4509 Fragm.
951 4441 982 4494 19
999 4438 1028 4491 in
1040 4437 1072 4492 0:
1091 4435 1432 4510 Μακάριοι-μαστιγοῖΙ
1448 4436 1530 4493 2211.
1549 4435 1603 4488 Das
1616 4433 1692 4488 eitat

381 4522 432 4578 soll
445 4541 478 4576 w.
492 4539 514 4576 ε.
527 4524 581 4577 sch.
600 4523 727 4578 wortlich
744 4524 815 4588 seim
833 4523 888 4593 vgl.
906 4522 1036 4592 iibrigens
1053 4523 1083 4576 in
1101 4521 1173 4576 LXX
1191 4521 1269 4576 οοδιλ
1282 4524 1315 4576 55
1327 4522 1378 4576 254
1393 4523 1397 4589 Ι
1413 4522 1452 4577 28
1471 4517 1690 4587 συναίσθησινθ

381 4607 446 4676 (vgl.
465 4607 490 4660 S.
508 4610 550 4674 36,
568 4607 611 4675 11)
630 4607 740 4663 σύνεσιν
758 4607 775 4661 S
797 4609 801 4678 l
821 4608 861 4663 8⁰
879 4605 966 4663 αὐτοῦ
984 4608 1027 4662 Gh
1046 4603 1122 4663 αὐτῶ
1142 4606 1166 4661 S.
