<?xml version="1.0" encoding="UTF-8"?>
<!DOCTYPE html PUBLIC "-//W3C//DTD XHTML 1.0 Transitional//EN"
    "http://www.w3.org/TR/xhtml1/DTD/xhtml1-transitional.dtd">
<html xmlns="http://www.w3.org/1999/xhtml" xml:lang="en" lang="en">
 <head>
  <title>
</title>
<meta http-equiv="Content-Type" content="text/html;charset=utf-8" />
  <meta name='ocr-system' content='tesseract 3.04.00' />
  <meta name='ocr-capabilities' content='ocr_page ocr_carea ocr_par ocr_line ocrx_word'/>
</head>
<body>
  <div class='ocr_page' id='page_1' title='image "./diegriechischen01unkngoog/diegriechischen01unkngoog_0249.png"; bbox 0 0 3694 5542; ppageno 0'>
   <div class='ocr_carea' id='block_1_1' title="bbox 281 447 1137 528">
    <p class='ocr_par' dir='ltr' id='par_1_1' title="bbox 281 447 1137 528">
     <span class='ocr_line' id='line_1_1' title="bbox 281 447 1137 528; baseline -0.021 -11"><span class='ocrx_word' id='word_1_1' title='bbox 281 463 341 528; x_wconf 87' lang='lat'><strong><em>188</em></strong></span> <span class='ocrx_word' id='word_1_2' title='bbox 719 449 858 520; x_wconf 74' lang='lat' dir='ltr'><strong>On&#39;geneu’</strong></span> <span class='ocrx_word' id='word_1_3' title='bbox 876 447 1137 504; x_wconf 73' lang='lat' dir='ltr'><strong>Jeromiahomilien.</strong></span> 
     </span>
    </p>
   </div>
   <div class='ocr_carea' id='block_1_2' title="bbox 192 605 1662 3488">
    <p class='ocr_par' dir='ltr' id='par_1_2' title="bbox 192 605 1662 3488">
     <span class='ocr_line' id='line_1_2' title="bbox 280 605 1588 706; baseline -0.006 -19"><span class='ocrx_word' id='word_1_4' title='bbox 280 613 414 706; x_wconf 79' lang='grc' dir='ltr'><strong><em>ἡμερῶν</em></strong></span> <span class='ocrx_word' id='word_1_5' title='bbox 435 619 632 703; x_wconf 76' lang='grc' dir='ltr'><strong><em>ἐξερχομένη</em></strong></span> <span class='ocrx_word' id='word_1_6' title='bbox 655 606 810 700; x_wconf 85' lang='grc' dir='ltr'><strong><em>ευχεσθαι</em></strong></span> <span class='ocrx_word' id='word_1_7' title='bbox 831 618 883 701; x_wconf 82' lang='grc' dir='ltr'><strong><em>τῷ</em></strong></span> <span class='ocrx_word' id='word_1_8' title='bbox 905 618 978 702; x_wconf 81' lang='grc' dir='ltr'><strong><em>θεῷ</em></strong></span> <span class='ocrx_word' id='word_1_9' title='bbox 1000 615 1055 679; x_wconf 86' lang='grc' dir='ltr'><strong><em>καὶ</em></strong></span> <span class='ocrx_word' id='word_1_10' title='bbox 1069 608 1153 700; x_wconf 82' lang='grc' dir='ltr'><strong><em>μετὰ</em></strong></span> <span class='ocrx_word' id='word_1_11' title='bbox 1168 605 1345 680; x_wconf 78' lang='grc' dir='ltr'><strong><em>τοσάσδε</em></strong></span> <span class='ocrx_word' id='word_1_12' title='bbox 1325 615 1448 698; x_wconf 89' lang='grc' dir='ltr'><strong><em>ημέρας</em></strong></span> <span class='ocrx_word' id='word_1_13' title='bbox 1463 605 1588 697; x_wconf 76' lang='grc' dir='ltr'><strong><em>ἑαυτήν</em></strong></span> 
     </span>
     <span class='ocr_line' id='line_1_3' title="bbox 279 704 1588 802; baseline -0.004 -17"><span class='ocrx_word' id='word_1_14' title='bbox 279 721 437 802; x_wconf 77' lang='grc' dir='ltr'><strong><em>παρέξειν</em></strong></span> <span class='ocrx_word' id='word_1_15' title='bbox 457 735 500 802; x_wconf 81' lang='grc' dir='ltr'><strong><em>τη</em></strong></span> <span class='ocrx_word' id='word_1_16' title='bbox 485 718 619 799; x_wconf 82' lang='grc' dir='ltr'><strong><em>κοίτη</em></strong></span> <span class='ocrx_word' id='word_1_17' title='bbox 642 741 706 783; x_wconf 90' lang='grc' dir='ltr'><strong><em>τσυ</em></strong></span> <span class='ocrx_word' id='word_1_18' title='bbox 691 716 932 798; x_wconf 84' lang='grc' dir='ltr'><strong><em>Ὀλοφέρνου.</em></strong></span> <span class='ocrx_word' id='word_1_19' title='bbox 968 708 1096 792; x_wconf 84' lang='grc' dir='ltr'><strong><em>ταύτας</em></strong></span> <span class='ocrx_word' id='word_1_20' title='bbox 1117 708 1179 791; x_wconf 83' lang='grc' dir='ltr'><strong><em>τάς</em></strong></span> <span class='ocrx_word' id='word_1_21' title='bbox 1197 704 1369 798; x_wconf 78' lang='grc' dir='ltr'><strong><em>συνθήκας</em></strong></span> <span class='ocrx_word' id='word_1_22' title='bbox 1383 704 1588 798; x_wconf 88' lang='grc' dir='ltr'><strong><em>Ολοφέρνης</em></strong></span> 
     </span>
     <span class='ocr_line' id='line_1_4' title="bbox 278 806 1589 905; baseline -0.007 -17"><span class='ocrx_word' id='word_1_23' title='bbox 278 819 514 905; x_wconf 77' lang='grc' dir='ltr'><strong><em>προσεδέξατο</em></strong></span> <span class='ocrx_word' id='word_1_24' title='bbox 552 809 695 884; x_wconf 87' lang='grc' dir='ltr'><strong><em>άπέλυσε</em></strong></span> <span class='ocrx_word' id='word_1_25' title='bbox 717 810 782 900; x_wconf 83' lang='grc' dir='ltr'><strong><em>τὴν</em></strong></span> <span class='ocrx_word' id='word_1_26' title='bbox 795 807 928 900; x_wconf 81' lang='grc' dir='ltr'><strong><em>Ἰουδήθ</em></strong></span> <span class='ocrx_word' id='word_1_27' title='bbox 949 815 1005 882; x_wconf 78' lang='grc' dir='ltr'><strong><em>ἐπὶ</em></strong></span> <span class='ocrx_word' id='word_1_28' title='bbox 1023 807 1085 892; x_wconf 84' lang='grc' dir='ltr'><strong><em>τὰς</em></strong></span> <span class='ocrx_word' id='word_1_29' title='bbox 1100 806 1196 896; x_wconf 77' lang='grc' dir='ltr'><strong><em>εὐχὰς</em></strong></span> <span class='ocrx_word' id='word_1_30' title='bbox 1210 808 1276 894; x_wconf 77' lang='grc' dir='ltr'><strong><em>ἔξω</em></strong></span> <span class='ocrx_word' id='word_1_31' title='bbox 1292 812 1353 896; x_wconf 80' lang='grc' dir='ltr'><strong><em>τῆς</em></strong></span> <span class='ocrx_word' id='word_1_32' title='bbox 1368 814 1589 898; x_wconf 77' lang='grc' dir='ltr'><em>παρεμβολῆς.</em></span> 
     </span>
     <span class='ocr_line' id='line_1_5' title="bbox 278 901 1590 1032; baseline -0.005 -47"><span class='ocrx_word' id='word_1_33' title='bbox 278 921 312 986; x_wconf 89' lang='grc' dir='ltr'><strong><em>τί</em></strong></span> <span class='ocrx_word' id='word_1_34' title='bbox 342 918 442 1004; x_wconf 82' lang='grc' dir='ltr'><strong><em>ἐχρῆν</em></strong></span> <span class='ocrx_word' id='word_1_35' title='bbox 472 917 611 1032; x_wconf 80' lang='grc' dir='ltr'><strong><em>ποιήσαι</em></strong></span> <span class='ocrx_word' id='word_1_36' title='bbox 640 910 705 1000; x_wconf 86' lang='grc' dir='ltr'><strong><em>τήν</em></strong></span> <span class='ocrx_word' id='word_1_37' title='bbox 730 907 877 1000; x_wconf 78' lang='grc' dir='ltr'><strong><em>Ἰουδήθ;</em></strong></span> <span class='ocrx_word' id='word_1_38' title='bbox 919 914 1060 1000; x_wconf 82' lang='grc' dir='ltr'><strong><em>τηρῆσαι</em></strong></span> <span class='ocrx_word' id='word_1_39' title='bbox 1091 907 1152 990; x_wconf 84' lang='grc' dir='ltr'><strong><em>τάς</em></strong></span> <span class='ocrx_word' id='word_1_40' title='bbox 1177 904 1349 996; x_wconf 78' lang='grc' dir='ltr'><strong><em>συνθήκας</em></strong></span> <span class='ocrx_word' id='word_1_41' title='bbox 1377 901 1398 996; x_wconf 85' lang='lat'><strong><em>5</em></strong></span> <span class='ocrx_word' id='word_1_42' title='bbox 1425 904 1590 998; x_wconf 78' lang='grc' dir='ltr'><strong><em>ἀθετῆσαι</em></strong></span> 
     </span>
     <span class='ocr_line' id='line_1_6' title="bbox 242 1002 1589 1132; baseline -0.008 -45"><span class='ocrx_word' id='word_1_43' title='bbox 242 1034 258 1087; x_wconf 82' lang='lat'><strong><em>5</em></strong></span> <span class='ocrx_word' id='word_1_44' title='bbox 278 1011 399 1097; x_wconf 80' lang='grc' dir='ltr'><strong><em>αάτάς;</em></strong></span> <span class='ocrx_word' id='word_1_45' title='bbox 435 1008 653 1132; x_wconf 87' lang='grc' dir='ltr'><strong><em>ωμολόγηται</em></strong></span> <span class='ocrx_word' id='word_1_46' title='bbox 676 1003 731 1081; x_wconf 78' lang='grc' dir='ltr'><strong><em>ὅτι</em></strong></span> <span class='ocrx_word' id='word_1_47' title='bbox 749 1005 926 1100; x_wconf 78' lang='grc' dir='ltr'><strong><em>ἀθετῆσαι·</em></strong></span> <span class='ocrx_word' id='word_1_48' title='bbox 949 1008 1010 1092; x_wconf 86' lang='grc' dir='ltr'><strong><em>τὰς</em></strong></span> <span class='ocrx_word' id='word_1_49' title='bbox 1024 1007 1088 1098; x_wconf 83' lang='grc' dir='ltr'><strong><em>γὰρ</em></strong></span> <span class='ocrx_word' id='word_1_50' title='bbox 1102 1007 1188 1096; x_wconf 89' lang='grc' dir='ltr'><strong><em>πρὸς</em></strong></span> <span class='ocrx_word' id='word_1_51' title='bbox 1201 1002 1409 1097; x_wconf 83' lang='grc' dir='ltr'><strong><em>Ὁλοφέρνην</em></strong></span> <span class='ocrx_word' id='word_1_52' title='bbox 1425 1004 1589 1096; x_wconf 78' lang='grc' dir='ltr'><strong><em>ἀθετῆσαι</em></strong></span> 
     </span>
     <span class='ocr_line' id='line_1_7' title="bbox 277 1101 1590 1232; baseline -0.006 -48"><span class='ocrx_word' id='word_1_53' title='bbox 277 1110 441 1205; x_wconf 88' lang='grc' dir='ltr'><strong><em>μακάριον</em></strong></span> <span class='ocrx_word' id='word_1_54' title='bbox 455 1101 499 1232; x_wconf 72' lang='lat'><strong><em>512</em></strong></span> <span class='ocrx_word' id='word_1_55' title='bbox 512 1115 567 1180; x_wconf 81' lang='grc' dir='ltr'><strong><em>ἐπὶ</em></strong></span> <span class='ocrx_word' id='word_1_56' title='bbox 576 1116 670 1182; x_wconf 84' lang='grc' dir='ltr'><strong><em>θεοῦ.</em></strong></span> <span class='ocrx_word' id='word_1_57' title='bbox 696 1111 834 1198; x_wconf 79' lang='grc' dir='ltr'><strong><em>ἔμελλεν</em></strong></span> <span class='ocrx_word' id='word_1_58' title='bbox 847 1105 986 1180; x_wconf 75' lang='grc' dir='ltr'><strong><em>ἀθετεῖν</em></strong></span> <span class='ocrx_word' id='word_1_59' title='bbox 1001 1108 1063 1191; x_wconf 84' lang='grc' dir='ltr'><strong><em>τὰς</em></strong></span> <span class='ocrx_word' id='word_1_60' title='bbox 1078 1106 1164 1196; x_wconf 85' lang='grc' dir='ltr'><strong><em>πρὸς</em></strong></span> <span class='ocrx_word' id='word_1_61' title='bbox 1179 1105 1243 1178; x_wconf 89' lang='grc' dir='ltr'><strong><em>τὸν</em></strong></span> <span class='ocrx_word' id='word_1_62' title='bbox 1251 1103 1458 1196; x_wconf 87' lang='grc' dir='ltr'><strong><em>Ὁλοφέρνην</em></strong></span> <span class='ocrx_word' id='word_1_63' title='bbox 1468 1104 1590 1196; x_wconf 89' lang='grc' dir='ltr'><strong><em>συνθή-</em></strong></span> 
     </span>
     <span class='ocr_line' id='line_1_8' title="bbox 276 1203 1590 1302; baseline -0.008 -16"><span class='ocrx_word' id='word_1_64' title='bbox 276 1241 369 1302; x_wconf 85' lang='grc' dir='ltr'><strong><em>καςη</em></strong></span> <span class='ocrx_word' id='word_1_65' title='bbox 358 1208 517 1299; x_wconf 65' lang='grc' dir='ltr'><strong><em>ζἸουθήθ,</em></strong></span> <span class='ocrx_word' id='word_1_66' title='bbox 524 1214 819 1298; x_wconf 83' lang='grc' dir='ltr'><strong><em>&lt;έμελλεν&gt;είπεῖν·</em></strong></span> <span class='ocrx_word' id='word_1_67' title='bbox 837 1204 1278 1296; x_wconf 78' lang='grc' dir='ltr'><strong><em>»άθεσίανέπικαλέσομαιι·</em></strong></span> <span class='ocrx_word' id='word_1_68' title='bbox 1295 1235 1348 1276; x_wconf 90' lang='grc' dir='ltr'><strong><em>και</em></strong></span> <span class='ocrx_word' id='word_1_69' title='bbox 1340 1203 1590 1279; x_wconf 86' lang='grc' dir='ltr'><strong><em>ἐπεκαλέσατό</em></strong></span> 
     </span>
     <span class='ocr_line' id='line_1_9' title="bbox 279 1301 1590 1403; baseline -0.007 -17"><span class='ocrx_word' id='word_1_70' title='bbox 279 1343 315 1403; x_wconf 91' lang='grc' dir='ltr'><strong><em>γε</em></strong></span> <span class='ocrx_word' id='word_1_71' title='bbox 338 1311 404 1402; x_wconf 81' lang='grc' dir='ltr'><strong><em>τὴν</em></strong></span> <span class='ocrx_word' id='word_1_72' title='bbox 425 1308 574 1382; x_wconf 75' lang='grc' dir='ltr'><strong><em>ἀθεσίαν.</em></strong></span> <span class='ocrx_word' id='word_1_73' title='bbox 619 1302 747 1397; x_wconf 82' lang='grc' dir='ltr'><strong><em>ὄφελον</em></strong></span> <span class='ocrx_word' id='word_1_74' title='bbox 767 1305 862 1396; x_wconf 83' lang='grc' dir='ltr'><strong><em>κάγώ</em></strong></span> <span class='ocrx_word' id='word_1_75' title='bbox 883 1313 1043 1390; x_wconf 81' lang='grc' dir='ltr'><strong><em>τοιοῦτος</em></strong></span> <span class='ocrx_word' id='word_1_76' title='bbox 1065 1313 1212 1396; x_wconf 81' lang='grc' dir='ltr'><strong><em>γένωμαι</em></strong></span> <span class='ocrx_word' id='word_1_77' title='bbox 1234 1301 1280 1378; x_wconf 80' lang='grc' dir='ltr'><strong><em>ἵν</em></strong></span> <span class='ocrx_word' id='word_1_78' title='bbox 1303 1310 1401 1377; x_wconf 83' lang='grc' dir='ltr'><strong><em>εἴπω·</em></strong></span> <span class='ocrx_word' id='word_1_79' title='bbox 1429 1303 1590 1378; x_wconf 74' lang='grc' dir='ltr'><strong><em>»ἀθεσίαν</em></strong></span> 
     </span>
     <span class='ocr_line' id='line_1_10' title="bbox 278 1399 1590 1499; baseline -0.004 -16"><span class='ocrx_word' id='word_1_80' title='bbox 278 1416 545 1499; x_wconf 77' lang='grc' dir='ltr'><strong><em>ἐπικαλέσομαιι,</em></strong></span> <span class='ocrx_word' id='word_1_81' title='bbox 566 1414 621 1479; x_wconf 88' lang='grc' dir='ltr'><strong><em>καὶ</em></strong></span> <span class='ocrx_word' id='word_1_82' title='bbox 643 1413 880 1494; x_wconf 73' lang='grc' dir='ltr'><strong><em>ἐπικαλέσωμαι</em></strong></span> <span class='ocrx_word' id='word_1_83' title='bbox 900 1406 966 1496; x_wconf 85' lang='grc' dir='ltr'><strong><em>τήν</em></strong></span> <span class='ocrx_word' id='word_1_84' title='bbox 988 1403 1131 1479; x_wconf 88' lang='grc' dir='ltr'><strong><em>άθεσίαν</em></strong></span> <span class='ocrx_word' id='word_1_85' title='bbox 1151 1404 1217 1496; x_wconf 81' lang='grc' dir='ltr'><strong><em>τὴν</em></strong></span> <span class='ocrx_word' id='word_1_86' title='bbox 1229 1404 1316 1492; x_wconf 87' lang='grc' dir='ltr'><strong><em>πρὸς</em></strong></span> <span class='ocrx_word' id='word_1_87' title='bbox 1331 1403 1396 1476; x_wconf 87' lang='grc' dir='ltr'><strong><em>τὸν</em></strong></span> <span class='ocrx_word' id='word_1_88' title='bbox 1410 1399 1502 1493; x_wconf 84' lang='grc' dir='ltr'><strong><em>ὄφιν,</em></strong></span> <span class='ocrx_word' id='word_1_89' title='bbox 1524 1406 1590 1495; x_wconf 87' lang='grc' dir='ltr'><strong><em>τὴν</em></strong></span> 
     </span>
     <span class='ocr_line' id='line_1_11' title="bbox 227 1497 1589 1628; baseline -0.002 -47"><span class='ocrx_word' id='word_1_90' title='bbox 227 1527 260 1582; x_wconf 87' lang='grc'><strong><em>10</em></strong></span> <span class='ocrx_word' id='word_1_91' title='bbox 277 1509 365 1600; x_wconf 81' lang='grc' dir='ltr'><strong><em>πρὸς</em></strong></span> <span class='ocrx_word' id='word_1_92' title='bbox 386 1509 451 1581; x_wconf 88' lang='grc' dir='ltr'><strong><em>τὸν</em></strong></span> <span class='ocrx_word' id='word_1_93' title='bbox 473 1505 643 1594; x_wconf 83' lang='grc' dir='ltr'><strong><em>διάβολον.</em></strong></span> <span class='ocrx_word' id='word_1_94' title='bbox 679 1504 850 1628; x_wconf 84' lang='grc' dir='ltr'><strong><em>συνθήκας</em></strong></span> <span class='ocrx_word' id='word_1_95' title='bbox 872 1502 993 1578; x_wconf 60' lang='grc' dir='ltr'><strong><em>ποτὲι</em></strong></span> <span class='ocrx_word' id='word_1_96' title='bbox 974 1537 993 1578; x_wconf 92' lang='grc' dir='ltr'><strong><em>ο</em></strong></span> <span class='ocrx_word' id='word_1_97' title='bbox 1010 1499 1090 1593; x_wconf 80' lang='grc' dir='ltr'><strong><em>ὄφις</em></strong></span> <span class='ocrx_word' id='word_1_98' title='bbox 1104 1505 1192 1594; x_wconf 87' lang='grc' dir='ltr'><strong><em>πρὸς</em></strong></span> <span class='ocrx_word' id='word_1_99' title='bbox 1207 1504 1271 1626; x_wconf 78' lang='grc' dir='ltr'><strong><em>τήν</em></strong></span> <span class='ocrx_word' id='word_1_100' title='bbox 1286 1497 1380 1575; x_wconf 80' lang='grc' dir='ltr'><strong><em>Εὕαν</em></strong></span> <span class='ocrx_word' id='word_1_101' title='bbox 1395 1504 1589 1595; x_wconf 86' lang='grc' dir='ltr'><strong><em>ἐποιήσατο,</em></strong></span> 
     </span>
     <span class='ocr_line' id='line_1_12' title="bbox 278 1599 1590 1699; baseline -0.003 -19"><span class='ocrx_word' id='word_1_102' title='bbox 278 1617 334 1680; x_wconf 89' lang='grc' dir='ltr'><strong><em>καὶ</em></strong></span> <span class='ocrx_word' id='word_1_103' title='bbox 357 1602 400 1699; x_wconf 80' lang='grc' dir='ltr'><strong><em>ἦν</em></strong></span> <span class='ocrx_word' id='word_1_104' title='bbox 423 1605 518 1698; x_wconf 78' lang='grc' dir='ltr'><strong><em>αὐτῷ</em></strong></span> <span class='ocrx_word' id='word_1_105' title='bbox 541 1614 624 1696; x_wconf 88' lang='grc' dir='ltr'><strong><em>φίλη</em></strong></span> <span class='ocrx_word' id='word_1_106' title='bbox 646 1601 743 1678; x_wconf 66' lang='grc' dir='ltr'><strong><em>κα1“</em></strong></span> <span class='ocrx_word' id='word_1_107' title='bbox 725 1634 744 1676; x_wconf 95' lang='grc' dir='ltr'><strong><em>ο</em></strong></span> <span class='ocrx_word' id='word_1_108' title='bbox 767 1599 846 1694; x_wconf 82' lang='grc' dir='ltr'><strong><em>ὄφις</em></strong></span> <span class='ocrx_word' id='word_1_109' title='bbox 867 1614 910 1695; x_wconf 81' lang='grc' dir='ltr'><strong><em>τῇ</em></strong></span> <span class='ocrx_word' id='word_1_110' title='bbox 933 1614 1074 1695; x_wconf 90' lang='grc' dir='ltr'><strong><em>γυναικί</em></strong></span> <span class='ocrx_word' id='word_1_111' title='bbox 1119 1601 1197 1676; x_wconf 77' lang='grc' dir='ltr'><strong><em>ἀλλ’</em></strong></span> <span class='ocrx_word' id='word_1_112' title='bbox 1221 1599 1343 1687; x_wconf 86' lang='grc' dir='ltr'><strong><em>ὁθεὸς</em></strong></span> <span class='ocrx_word' id='word_1_113' title='bbox 1365 1605 1590 1694; x_wconf 84' lang='grc' dir='ltr'><strong><em>ἐπραγματεύ-</em></strong></span> 
     </span>
     <span class='ocr_line' id='line_1_13' title="bbox 278 1702 1591 1797; baseline -0.005 -16"><span class='ocrx_word' id='word_1_114' title='bbox 278 1735 363 1782; x_wconf 89' lang='grc' dir='ltr'><strong><em>σατσ</em></strong></span> <span class='ocrx_word' id='word_1_115' title='bbox 386 1705 434 1792; x_wconf 77' lang='grc' dir='ltr'><strong><em>ὦς</em></strong></span> <span class='ocrx_word' id='word_1_116' title='bbox 457 1705 586 1797; x_wconf 86' lang='grc' dir='ltr'><strong><em>άγαθὸς</em></strong></span> <span class='ocrx_word' id='word_1_117' title='bbox 605 1705 668 1789; x_wconf 81' lang='grc' dir='ltr'><strong><em>τὰς</em></strong></span> <span class='ocrx_word' id='word_1_118' title='bbox 683 1703 855 1796; x_wconf 84' lang='grc' dir='ltr'><strong><em>συνθήκας</em></strong></span> <span class='ocrx_word' id='word_1_119' title='bbox 871 1704 998 1787; x_wconf 82' lang='grc' dir='ltr'><strong><em>ταύτας</em></strong></span> <span class='ocrx_word' id='word_1_120' title='bbox 1014 1710 1164 1794; x_wconf 77' lang='grc' dir='ltr'><strong><em>λυθῆναι</em></strong></span> <span class='ocrx_word' id='word_1_121' title='bbox 1178 1711 1234 1776; x_wconf 85' lang='grc' dir='ltr'><strong><em>καὶ</em></strong></span> <span class='ocrx_word' id='word_1_122' title='bbox 1249 1703 1314 1793; x_wconf 81' lang='grc' dir='ltr'><strong><em>τήν</em></strong></span> <span class='ocrx_word' id='word_1_123' title='bbox 1329 1709 1447 1791; x_wconf 84' lang='grc' dir='ltr'><strong><em>φιλίαν</em></strong></span> <span class='ocrx_word' id='word_1_124' title='bbox 1461 1702 1591 1794; x_wconf 75' lang='grc' dir='ltr'><strong><em>ταύτην</em></strong></span> 
     </span>
     <span class='ocr_line' id='line_1_14' title="bbox 277 1800 1590 1929; baseline -0.004 -48"><span class='ocrx_word' id='word_1_125' title='bbox 277 1809 344 1898; x_wconf 85' lang='grc' dir='ltr'><strong><em>τήν</em></strong></span> <span class='ocrx_word' id='word_1_126' title='bbox 365 1806 474 1896; x_wconf 82' lang='grc' dir='ltr'><strong><em>κακήν</em></strong></span> <span class='ocrx_word' id='word_1_127' title='bbox 496 1802 708 1929; x_wconf 63' lang='grc' dir='ltr'><strong><em>διασκεέάσαι</em></strong></span> <span class='ocrx_word' id='word_1_128' title='bbox 728 1802 836 1877; x_wconf 59' lang='grc' dir='ltr'><strong><em>καὶε</em></strong></span> <span class='ocrx_word' id='word_1_129' title='bbox 807 1835 855 1887; x_wconf 89' lang='grc' dir='ltr'><strong><em>ως</em></strong></span> <span class='ocrx_word' id='word_1_130' title='bbox 877 1801 1006 1894; x_wconf 78' lang='grc' dir='ltr'><strong><em>ἀγαθὸς</em></strong></span> <span class='ocrx_word' id='word_1_131' title='bbox 1028 1805 1109 1888; x_wconf 87' lang='grc' dir='ltr'><strong><em>θεὸς</em></strong></span> <span class='ocrx_word' id='word_1_132' title='bbox 1128 1811 1227 1891; x_wconf 86' lang='grc' dir='ltr'><strong><em>λέγει·</em></strong></span> <span class='ocrx_word' id='word_1_133' title='bbox 1253 1800 1547 1893; x_wconf 79' lang='grc' dir='ltr'><strong><em>»ἐχθρανθήσω’</em></strong></span> <span class='ocrx_word' id='word_1_134' title='bbox 1526 1803 1590 1876; x_wconf 81' lang='grc' dir='ltr'><strong><em>ανὰ</em></strong></span> 
     </span>
     <span class='ocr_line' id='line_1_15' title="bbox 279 1900 1589 1998; baseline -0.005 -19"><span class='ocrx_word' id='word_1_135' title='bbox 279 1916 382 1998; x_wconf 81' lang='grc' dir='ltr'><strong><em>μέσον</em></strong></span> <span class='ocrx_word' id='word_1_136' title='bbox 405 1913 467 1979; x_wconf 82' lang='grc' dir='ltr'><strong><em>σοῦ</em></strong></span> <span class='ocrx_word' id='word_1_137' title='bbox 487 1902 586 1976; x_wconf 69' lang='grc' dir='ltr'><strong><em>ποθ’</em></strong></span> <span class='ocrx_word' id='word_1_138' title='bbox 566 1903 630 1977; x_wconf 85' lang='grc' dir='ltr'><strong><em>ανὰ</em></strong></span> <span class='ocrx_word' id='word_1_139' title='bbox 651 1909 754 1994; x_wconf 83' lang='grc' dir='ltr'><strong><em>μέσον</em></strong></span> <span class='ocrx_word' id='word_1_140' title='bbox 776 1911 838 1995; x_wconf 78' lang='grc' dir='ltr'><strong><em>τῆς</em></strong></span> <span class='ocrx_word' id='word_1_141' title='bbox 859 1901 1027 1994; x_wconf 89' lang='grc' dir='ltr'><strong><em>γυναικός,</em></strong></span> <span class='ocrx_word' id='word_1_142' title='bbox 1049 1900 1144 1974; x_wconf 79' lang='grc' dir='ltr'><strong><em>κάλ’</em></strong></span> <span class='ocrx_word' id='word_1_143' title='bbox 1123 1933 1189 1975; x_wconf 82' lang='lat' dir='ltr'><strong><em>ava</em></strong></span> <span class='ocrx_word' id='word_1_144' title='bbox 1175 1904 1308 1992; x_wconf 88' lang='grc' dir='ltr'><strong><em>μέσον</em></strong></span> <span class='ocrx_word' id='word_1_145' title='bbox 1322 1931 1386 1973; x_wconf 91' lang='grc' dir='ltr'><strong><em>του</em></strong></span> <span class='ocrx_word' id='word_1_146' title='bbox 1370 1908 1589 1992; x_wconf 87' lang='grc' dir='ltr'><strong><em>σπέρματος</em></strong></span> 
     </span>
     <span class='ocr_line' id='line_1_16' title="bbox 225 1993 1588 2124; baseline -0.003 -46"><span class='ocrx_word' id='word_1_147' title='bbox 225 2025 258 2078; x_wconf 83' lang='lat'><strong><em>15</em></strong></span> <span class='ocrx_word' id='word_1_148' title='bbox 276 2014 339 2080; x_wconf 84' lang='grc' dir='ltr'><strong><em>σοῦ</em></strong></span> <span class='ocrx_word' id='word_1_149' title='bbox 359 2002 450 2076; x_wconf 80' lang='grc' dir='ltr'><strong><em>κα1’</em></strong></span> <span class='ocrx_word' id='word_1_150' title='bbox 430 2035 495 2078; x_wconf 91' lang='grc' dir='ltr'><strong><em>ανα</em></strong></span> <span class='ocrx_word' id='word_1_151' title='bbox 481 2003 613 2094; x_wconf 89' lang='grc' dir='ltr'><strong><em>μέσον</em></strong></span> <span class='ocrx_word' id='word_1_152' title='bbox 628 2033 692 2076; x_wconf 91' lang='grc' dir='ltr'><strong><em>του</em></strong></span> <span class='ocrx_word' id='word_1_153' title='bbox 676 2009 900 2094; x_wconf 86' lang='grc' dir='ltr'><strong><em>σπέρματος</em></strong></span> <span class='ocrx_word' id='word_1_154' title='bbox 917 2000 1053 2124; x_wconf 71' lang='grc' dir='ltr'><strong><em>αήτῆςι.</em></strong></span> <span class='ocrx_word' id='word_1_155' title='bbox 1081 1999 1308 2092; x_wconf 85' lang='grc' dir='ltr'><strong><em>ευγνωμὸνως</em></strong></span> <span class='ocrx_word' id='word_1_156' title='bbox 1321 1993 1383 2072; x_wconf 83' lang='grc' dir='ltr'><strong><em>οὖν</em></strong></span> <span class='ocrx_word' id='word_1_157' title='bbox 1398 1998 1588 2092; x_wconf 85' lang='grc' dir='ltr'><strong><em>άκούοιμεν</em></strong></span> 
     </span>
     <span class='ocr_line' id='line_1_17' title="bbox 275 2099 1590 2194; baseline -0.005 -15"><span class='ocrx_word' id='word_1_158' title='bbox 275 2137 351 2189; x_wconf 90' lang='grc' dir='ltr'><strong><em>πως</em></strong></span> <span class='ocrx_word' id='word_1_159' title='bbox 373 2135 392 2176; x_wconf 93' lang='grc' dir='ltr'><strong><em>ο</em></strong></span> <span class='ocrx_word' id='word_1_160' title='bbox 419 2104 500 2188; x_wconf 86' lang='grc' dir='ltr'><strong><em>θεὸς</em></strong></span> <span class='ocrx_word' id='word_1_161' title='bbox 527 2104 655 2193; x_wconf 82' lang='grc' dir='ltr'><strong><em>ἔχθραν</em></strong></span> <span class='ocrx_word' id='word_1_162' title='bbox 680 2122 773 2176; x_wconf 85' lang='grc' dir='ltr'><strong><em>ποιεῖ</em></strong></span> <span class='ocrx_word' id='word_1_163' title='bbox 799 2103 866 2194; x_wconf 82' lang='grc' dir='ltr'><strong><em>τήν</em></strong></span> <span class='ocrx_word' id='word_1_164' title='bbox 890 2101 977 2192; x_wconf 84' lang='grc' dir='ltr'><strong><em>πρὸς</em></strong></span> <span class='ocrx_word' id='word_1_165' title='bbox 1003 2099 1117 2186; x_wconf 79' lang='grc' dir='ltr'><strong><em>τόνδε,</em></strong></span> <span class='ocrx_word' id='word_1_166' title='bbox 1147 2106 1203 2173; x_wconf 81' lang='grc' dir='ltr'><strong><em>ίνα</em></strong></span> <span class='ocrx_word' id='word_1_167' title='bbox 1230 2109 1347 2189; x_wconf 84' lang='grc' dir='ltr'><strong><em>φιλίαν</em></strong></span> <span class='ocrx_word' id='word_1_168' title='bbox 1373 2099 1497 2191; x_wconf 74' lang='grc' dir='ltr'><strong><em>ποιήσῃ</em></strong></span> <span class='ocrx_word' id='word_1_169' title='bbox 1524 2100 1590 2192; x_wconf 81' lang='grc' dir='ltr'><strong><em>τήν</em></strong></span> 
     </span>
     <span class='ocr_line' id='line_1_18' title="bbox 276 2195 1662 2294; baseline -0.004 -17"><span class='ocrx_word' id='word_1_170' title='bbox 276 2204 363 2294; x_wconf 87' lang='grc' dir='ltr'><strong><em>πρὸς</em></strong></span> <span class='ocrx_word' id='word_1_171' title='bbox 390 2203 454 2276; x_wconf 86' lang='grc' dir='ltr'><strong><em>τὸν</em></strong></span> <span class='ocrx_word' id='word_1_172' title='bbox 477 2200 640 2291; x_wconf 85' lang='grc' dir='ltr'><strong><em>Χριστόν·</em></strong></span> <span class='ocrx_word' id='word_1_173' title='bbox 671 2199 843 2275; x_wconf 79' lang='grc' dir='ltr'><strong><em>άδάνατον</em></strong></span> <span class='ocrx_word' id='word_1_174' title='bbox 858 2201 921 2292; x_wconf 90' lang='grc' dir='ltr'><strong><em>ΙΙ</em></strong></span> <span class='ocrx_word' id='word_1_175' title='bbox 885 2230 949 2292; x_wconf 89' lang='grc' dir='ltr'><strong><em>γαρ</em></strong></span> <span class='ocrx_word' id='word_1_176' title='bbox 977 2195 1043 2291; x_wconf 74' lang='grc' dir='ltr'><strong><em>ἅμα</em></strong></span> <span class='ocrx_word' id='word_1_177' title='bbox 1067 2203 1152 2273; x_wconf 79' lang='grc' dir='ltr'><strong><em>εἶναι</em></strong></span> <span class='ocrx_word' id='word_1_178' title='bbox 1179 2209 1282 2289; x_wconf 88' lang='grc' dir='ltr'><strong><em>φίλον</em></strong></span> <span class='ocrx_word' id='word_1_179' title='bbox 1309 2208 1384 2272; x_wconf 83' lang='grc' dir='ltr'><strong><em>τῶν</em></strong></span> <span class='ocrx_word' id='word_1_180' title='bbox 1411 2205 1589 2274; x_wconf 86' lang='grc' dir='ltr'><strong><em>ἐναντίων.</em></strong></span> <span class='ocrx_word' id='word_1_181' title='bbox 1611 2217 1662 2272; x_wconf 80' lang='grc'><strong><em>272</em></strong></span> 
     </span>
     <span class='ocr_line' id='line_1_19' title="bbox 276 2294 1590 2391; baseline -0.002 -14"><span class='ocrx_word' id='word_1_182' title='bbox 276 2312 333 2377; x_wconf 85' lang='grc' dir='ltr'><strong><em>καὶ</em></strong></span> <span class='ocrx_word' id='word_1_183' title='bbox 366 2302 479 2389; x_wconf 72' lang='grc' dir='ltr'><strong><em>ὥσπερ</em></strong></span> <span class='ocrx_word' id='word_1_184' title='bbox 514 2298 641 2384; x_wconf 74' lang='grc' dir='ltr'><strong><em>»οὐδεὶς</em></strong></span> <span class='ocrx_word' id='word_1_185' title='bbox 671 2301 812 2374; x_wconf 82' lang='grc' dir='ltr'><strong><em>δυ’ναται</em></strong></span> <span class='ocrx_word' id='word_1_186' title='bbox 843 2307 915 2373; x_wconf 81' lang='grc' dir='ltr'><strong><em>δυσὶ</em></strong></span> <span class='ocrx_word' id='word_1_187' title='bbox 945 2309 1072 2391; x_wconf 84' lang='grc' dir='ltr'><strong><em>κυρίοις</em></strong></span> <span class='ocrx_word' id='word_1_188' title='bbox 1102 2299 1310 2384; x_wconf 79' lang='grc' dir='ltr'><strong><em>δουλεύεινι,</em></strong></span> <span class='ocrx_word' id='word_1_189' title='bbox 1341 2294 1455 2382; x_wconf 76' lang='grc' dir='ltr'><strong><em>οὕτως</em></strong></span> <span class='ocrx_word' id='word_1_190' title='bbox 1480 2298 1590 2385; x_wconf 70' lang='grc' dir='ltr'><strong><em>οὐδεὶς</em></strong></span> 
     </span>
     <span class='ocr_line' id='line_1_20' title="bbox 279 2403 1590 2523; baseline -0.004 -46"><span class='ocrx_word' id='word_1_191' title='bbox 279 2404 421 2523; x_wconf 74' lang='lat' dir='ltr'><strong><em>55vawc</em></strong></span> <span class='ocrx_word' id='word_1_192' title='bbox 447 2403 533 2473; x_wconf 79' lang='grc' dir='ltr'><strong><em>εἶναι</em></strong></span> <span class='ocrx_word' id='word_1_193' title='bbox 560 2410 661 2490; x_wconf 88' lang='grc' dir='ltr'><strong><em>φίλος</em></strong></span> <span class='ocrx_word' id='word_1_194' title='bbox 686 2407 742 2473; x_wconf 86' lang='grc' dir='ltr'><strong><em>καὶ</em></strong></span> <span class='ocrx_word' id='word_1_195' title='bbox 766 2409 853 2491; x_wconf 73' lang='grc' dir='ltr'><strong><em>»θεῷ</em></strong></span> <span class='ocrx_word' id='word_1_196' title='bbox 880 2409 937 2472; x_wconf 82' lang='grc' dir='ltr'><strong><em>καὶ</em></strong></span> <span class='ocrx_word' id='word_1_197' title='bbox 962 2407 1131 2494; x_wconf 65' lang='lat' dir='ltr'><strong><em>paumv5,</em></strong></span> <span class='ocrx_word' id='word_1_198' title='bbox 1159 2407 1259 2488; x_wconf 89' lang='grc' dir='ltr'><strong><em>φίλος</em></strong></span> <span class='ocrx_word' id='word_1_199' title='bbox 1284 2405 1341 2471; x_wconf 81' lang='grc' dir='ltr'><strong><em>καί</em></strong></span> <span class='ocrx_word' id='word_1_200' title='bbox 1369 2407 1508 2490; x_wconf 83' lang='grc' dir='ltr'><strong><em>Χριστῷ</em></strong></span> <span class='ocrx_word' id='word_1_201' title='bbox 1534 2413 1590 2474; x_wconf 85' lang='grc' dir='ltr'><strong><em>καὶ</em></strong></span> 
     </span>
     <span class='ocr_line' id='line_1_21' title="bbox 225 2496 1591 2622; baseline -0.004 -44"><span class='ocrx_word' id='word_1_202' title='bbox 225 2522 260 2578; x_wconf 80' lang='lat'><strong><em>20</em></strong></span> <span class='ocrx_word' id='word_1_203' title='bbox 283 2497 367 2622; x_wconf 83' lang='grc' dir='ltr'><strong><em>ὄφει.</em></strong></span> <span class='ocrx_word' id='word_1_204' title='bbox 411 2497 545 2574; x_wconf 83' lang='grc' dir='ltr'><strong><em>άλλὰ’</em></strong></span> <span class='ocrx_word' id='word_1_205' title='bbox 524 2499 652 2591; x_wconf 86' lang='grc' dir='ltr'><strong><em>ανάγκη</em></strong></span> <span class='ocrx_word' id='word_1_206' title='bbox 679 2510 735 2573; x_wconf 85' lang='grc' dir='ltr'><strong><em>καὶ</em></strong></span> <span class='ocrx_word' id='word_1_207' title='bbox 761 2500 826 2591; x_wconf 85' lang='grc' dir='ltr'><strong><em>τήν</em></strong></span> <span class='ocrx_word' id='word_1_208' title='bbox 853 2507 970 2589; x_wconf 88' lang='grc' dir='ltr'><strong><em>φιλίαν</em></strong></span> <span class='ocrx_word' id='word_1_209' title='bbox 996 2499 1060 2590; x_wconf 80' lang='grc' dir='ltr'><strong><em>τήν</em></strong></span> <span class='ocrx_word' id='word_1_210' title='bbox 1086 2497 1173 2590; x_wconf 84' lang='grc' dir='ltr'><strong><em>πρὸς</em></strong></span> <span class='ocrx_word' id='word_1_211' title='bbox 1199 2496 1263 2620; x_wconf 63' lang='grc' dir='ltr'><strong><em>τὸν</em></strong></span> <span class='ocrx_word' id='word_1_212' title='bbox 1285 2498 1438 2588; x_wconf 84' lang='grc' dir='ltr'><strong><em>Χριστὸν</em></strong></span> <span class='ocrx_word' id='word_1_213' title='bbox 1465 2504 1591 2589; x_wconf 78' lang='grc' dir='ltr'><strong><em>ἔχθραν</em></strong></span> 
     </span>
     <span class='ocr_line' id='line_1_22' title="bbox 281 2591 1591 2692; baseline -0.004 -16"><span class='ocrx_word' id='word_1_214' title='bbox 281 2608 421 2692; x_wconf 85' lang='grc' dir='ltr'><strong><em>ποιῆσαι</em></strong></span> <span class='ocrx_word' id='word_1_215' title='bbox 447 2600 534 2690; x_wconf 86' lang='grc' dir='ltr'><strong><em>πρὸς</em></strong></span> <span class='ocrx_word' id='word_1_216' title='bbox 560 2599 624 2673; x_wconf 82' lang='grc' dir='ltr'><strong><em>τὸν</em></strong></span> <span class='ocrx_word' id='word_1_217' title='bbox 651 2594 748 2689; x_wconf 82' lang='grc' dir='ltr'><strong><em>ὅφιν,</em></strong></span> <span class='ocrx_word' id='word_1_218' title='bbox 775 2609 831 2672; x_wconf 87' lang='grc' dir='ltr'><strong><em>καὶ</em></strong></span> <span class='ocrx_word' id='word_1_219' title='bbox 852 2599 932 2689; x_wconf 82' lang='grc' dir='ltr'><strong><em>τήν</em></strong></span> <span class='ocrx_word' id='word_1_220' title='bbox 930 2607 1056 2688; x_wconf 89' lang='grc' dir='ltr'><strong><em>φιλίαν</em></strong></span> <span class='ocrx_word' id='word_1_221' title='bbox 1078 2599 1144 2689; x_wconf 84' lang='grc' dir='ltr'><strong><em>τὴν</em></strong></span> <span class='ocrx_word' id='word_1_222' title='bbox 1165 2597 1251 2688; x_wconf 85' lang='grc' dir='ltr'><strong><em>πρὸς</em></strong></span> <span class='ocrx_word' id='word_1_223' title='bbox 1274 2598 1338 2671; x_wconf 90' lang='grc' dir='ltr'><strong><em>τὸν</em></strong></span> <span class='ocrx_word' id='word_1_224' title='bbox 1359 2591 1443 2686; x_wconf 85' lang='grc' dir='ltr'><strong><em>ὄφιν</em></strong></span> <span class='ocrx_word' id='word_1_225' title='bbox 1465 2601 1591 2689; x_wconf 80' lang='grc' dir='ltr'><strong><em>ἔχθραν</em></strong></span> 
     </span>
     <span class='ocr_line' id='line_1_23' title="bbox 192 2697 925 2794; baseline -0.005 -18"><span class='ocrx_word' id='word_1_226' title='bbox 192 2725 264 2786; x_wconf 72' lang='lat' dir='ltr'>322v</span> <span class='ocrx_word' id='word_1_227' title='bbox 281 2709 440 2794; x_wconf 84' lang='grc' dir='ltr'><strong><em>γεννῆσαι</em></strong></span> <span class='ocrx_word' id='word_1_228' title='bbox 461 2699 527 2790; x_wconf 84' lang='grc' dir='ltr'><strong><em>τὴν</em></strong></span> <span class='ocrx_word' id='word_1_229' title='bbox 547 2698 634 2787; x_wconf 85' lang='grc' dir='ltr'><strong><em>πρὸς</em></strong></span> <span class='ocrx_word' id='word_1_230' title='bbox 655 2701 720 2774; x_wconf 88' lang='grc' dir='ltr'><strong><em>τὸν</em></strong></span> <span class='ocrx_word' id='word_1_231' title='bbox 743 2697 902 2789; x_wconf 87' lang='grc' dir='ltr'><strong><em>Χριστόν.</em></strong></span> <span class='ocrx_word' id='word_1_232' title='bbox 921 2705 925 2786; x_wconf 75' lang='grc' dir='ltr'><strong><em>ί</em></strong></span> 
     </span>
     <span class='ocr_line' id='line_1_24' title="bbox 366 2797 1591 2889; baseline 0.004 -22"><span class='ocrx_word' id='word_1_233' title='bbox 366 2799 537 2872; x_wconf 80' lang='grc' dir='ltr'><strong><em>»Ἆθεσίαν</em></strong></span> <span class='ocrx_word' id='word_1_234' title='bbox 562 2805 618 2871; x_wconf 83' lang='grc' dir='ltr'><strong><em>καί</em></strong></span> <span class='ocrx_word' id='word_1_235' title='bbox 644 2807 881 2888; x_wconf 82' lang='grc' dir='ltr'><strong><em>ταλαιπωρίαν</em></strong></span> <span class='ocrx_word' id='word_1_236' title='bbox 908 2803 1175 2887; x_wconf 86' lang='grc' dir='ltr'><strong><em>ἐπικαλέσομαιι.</em></strong></span> <span class='ocrx_word' id='word_1_237' title='bbox 1219 2801 1274 2869; x_wconf 77' lang='grc' dir='ltr'><strong><em>ἵνα</em></strong></span> <span class='ocrx_word' id='word_1_238' title='bbox 1301 2803 1490 2888; x_wconf 77' lang='grc' dir='ltr'><strong><em>δὲμᾶλλον</em></strong></span> <span class='ocrx_word' id='word_1_239' title='bbox 1512 2797 1591 2889; x_wconf 88' lang='grc' dir='ltr'><strong><em>νοή-</em></strong></span> 
     </span>
     <span class='ocr_line' id='line_1_25' title="bbox 281 2894 1592 2991; baseline -0.003 -17"><span class='ocrx_word' id='word_1_240' title='bbox 281 2927 339 2991; x_wconf 84' lang='grc' dir='ltr'><strong><em>σης</em></strong></span> <span class='ocrx_word' id='word_1_241' title='bbox 369 2900 410 2972; x_wconf 87' lang='grc' dir='ltr'><strong><em>τὸ</em></strong></span> <span class='ocrx_word' id='word_1_242' title='bbox 444 2909 699 2988; x_wconf 76' lang='grc' dir='ltr'><strong><em>»ταλαιπωρίαν</em></strong></span> <span class='ocrx_word' id='word_1_243' title='bbox 728 2905 1002 2988; x_wconf 76' lang='grc' dir='ltr'><strong><em>ἐπικαλέσομαιι,</em></strong></span> <span class='ocrx_word' id='word_1_244' title='bbox 1035 2895 1213 2986; x_wconf 78' lang='grc' dir='ltr'><strong><em>διαγράφω</em></strong></span> <span class='ocrx_word' id='word_1_245' title='bbox 1243 2926 1279 2969; x_wconf 91' lang='grc' dir='ltr'><strong><em>τι</em></strong></span> <span class='ocrx_word' id='word_1_246' title='bbox 1307 2894 1488 2986; x_wconf 81' lang='grc' dir='ltr'><strong><em>γινόμενον</em></strong></span> <span class='ocrx_word' id='word_1_247' title='bbox 1518 2919 1592 2982; x_wconf 88' lang='grc' dir='ltr'><strong><em>τοῖς</em></strong></span> 
     </span>
     <span class='ocr_line' id='line_1_26' title="bbox 226 2996 1591 3092; baseline -0.004 -17"><span class='ocrx_word' id='word_1_248' title='bbox 226 3026 259 3081; x_wconf 81' lang='lat'><strong><em>25</em></strong></span> <span class='ocrx_word' id='word_1_249' title='bbox 279 2999 446 3092; x_wconf 79' lang='grc' dir='ltr'><strong><em>ἀσκητοῖς.</em></strong></span> <span class='ocrx_word' id='word_1_250' title='bbox 481 2996 649 3081; x_wconf 83' lang='grc' dir='ltr'><strong><em>πολλάκις</em></strong></span> <span class='ocrx_word' id='word_1_251' title='bbox 671 2999 732 3089; x_wconf 82' lang='grc' dir='ltr'><strong><em>γὰρ</em></strong></span> <span class='ocrx_word' id='word_1_252' title='bbox 756 3004 1006 3087; x_wconf 86' lang='grc' dir='ltr'><strong><em>παρακειμένου</em></strong></span> <span class='ocrx_word' id='word_1_253' title='bbox 1026 3003 1090 3068; x_wconf 84' lang='grc' dir='ltr'><strong><em>τοῦ</em></strong></span> <span class='ocrx_word' id='word_1_254' title='bbox 1108 3003 1209 3086; x_wconf 84' lang='grc' dir='ltr'><strong><em>γῆμαι</em></strong></span> <span class='ocrx_word' id='word_1_255' title='bbox 1223 3004 1278 3068; x_wconf 81' lang='grc' dir='ltr'><strong><em>καὶ</em></strong></span> <span class='ocrx_word' id='word_1_256' title='bbox 1293 2996 1338 3087; x_wconf 81' lang='grc' dir='ltr'><strong><em>μή</em></strong></span> <span class='ocrx_word' id='word_1_257' title='bbox 1354 2999 1441 3084; x_wconf 83' lang='grc' dir='ltr'><strong><em>ἐχειν</em></strong></span> <span class='ocrx_word' id='word_1_258' title='bbox 1453 3004 1591 3087; x_wconf 81' lang='grc' dir='ltr'><strong><em>πρᾶγμα</em></strong></span> 
     </span>
     <span class='ocr_line' id='line_1_27' title="bbox 277 3092 1591 3190; baseline -0.004 -17"><span class='ocrx_word' id='word_1_259' title='bbox 277 3105 543 3188; x_wconf 73' lang='grc' dir='ltr'><strong><em>ἐπανισταμένης</em></strong></span> <span class='ocrx_word' id='word_1_260' title='bbox 573 3103 634 3188; x_wconf 81' lang='grc' dir='ltr'><strong><em>τῆς</em></strong></span> <span class='ocrx_word' id='word_1_261' title='bbox 665 3096 788 3186; x_wconf 87' lang='grc' dir='ltr'><strong><em>σαρκὸς</em></strong></span> <span class='ocrx_word' id='word_1_262' title='bbox 820 3103 870 3186; x_wconf 83' lang='grc' dir='ltr'><strong><em>τῷ</em></strong></span> <span class='ocrx_word' id='word_1_263' title='bbox 899 3095 1078 3186; x_wconf 80' lang='grc' dir='ltr'><strong><em>πνεύματι,</em></strong></span> <span class='ocrx_word' id='word_1_264' title='bbox 1111 3100 1254 3186; x_wconf 88' lang='grc' dir='ltr'><strong><em>αίρεῖταί</em></strong></span> <span class='ocrx_word' id='word_1_265' title='bbox 1280 3124 1333 3190; x_wconf 71' lang='grc' dir='ltr'><strong><em>ηις</em></strong></span> <span class='ocrx_word' id='word_1_266' title='bbox 1359 3092 1401 3167; x_wconf 80' lang='grc' dir='ltr'><strong><em>ου’</em></strong></span> <span class='ocrx_word' id='word_1_267' title='bbox 1427 3095 1591 3187; x_wconf 86' lang='grc' dir='ltr'><strong><em>καταχρή·</em></strong></span> 
     </span>
     <span class='ocr_line' id='line_1_28' title="bbox 277 3191 1592 3288; baseline -0.003 -18"><span class='ocrx_word' id='word_1_268' title='bbox 277 3210 401 3272; x_wconf 87' lang='grc' dir='ltr'><strong><em>σασθαι</em></strong></span> <span class='ocrx_word' id='word_1_269' title='bbox 423 3205 466 3286; x_wconf 78' lang='grc' dir='ltr'><strong><em>τῇ</em></strong></span> <span class='ocrx_word' id='word_1_270' title='bbox 489 3204 552 3269; x_wconf 83' lang='grc' dir='ltr'><strong><em>τοῦ</em></strong></span> <span class='ocrx_word' id='word_1_271' title='bbox 573 3216 689 3287; x_wconf 81' lang='grc' dir='ltr'><strong><em>γαμεῖν</em></strong></span> <span class='ocrx_word' id='word_1_272' title='bbox 713 3202 859 3288; x_wconf 77' lang='grc' dir='ltr'><strong><em>ἐξουσίᾳ,</em></strong></span> <span class='ocrx_word' id='word_1_273' title='bbox 881 3191 968 3268; x_wconf 74' lang='grc' dir='ltr'><strong><em>ἀλλὰ</em></strong></span> <span class='ocrx_word' id='word_1_274' title='bbox 991 3205 1221 3282; x_wconf 83' lang='grc' dir='ltr'><strong><em>ταλαιπωρεῖν</em></strong></span> <span class='ocrx_word' id='word_1_275' title='bbox 1242 3201 1298 3266; x_wconf 84' lang='grc' dir='ltr'><strong><em>καὶ</em></strong></span> <span class='ocrx_word' id='word_1_276' title='bbox 1318 3192 1467 3282; x_wconf 75' lang='grc' dir='ltr'><strong><em>κάμνειν,</em></strong></span> <span class='ocrx_word' id='word_1_277' title='bbox 1489 3193 1592 3268; x_wconf 58' lang='grc' dir='ltr'><strong><em>»ὑπω-</em></strong></span> 
     </span>
     <span class='ocr_line' id='line_1_29' title="bbox 276 3288 1592 3387; baseline -0.003 -17"><span class='ocrx_word' id='word_1_278' title='bbox 276 3297 408 3385; x_wconf 78' lang='grc' dir='ltr'><strong><em>πιάζειν</em></strong></span> <span class='ocrx_word' id='word_1_279' title='bbox 434 3296 475 3369; x_wconf 89' lang='grc' dir='ltr'><strong><em>τὸ</em></strong></span> <span class='ocrx_word' id='word_1_280' title='bbox 502 3301 599 3384; x_wconf 83' lang='grc' dir='ltr'><strong><em>σῶμα</em></strong></span> <span class='ocrx_word' id='word_1_281' title='bbox 626 3306 795 3387; x_wconf 87' lang='grc' dir='ltr'><strong><em>νηστείαις</em></strong></span> <span class='ocrx_word' id='word_1_282' title='bbox 826 3304 883 3367; x_wconf 86' lang='grc' dir='ltr'><strong><em>καὶ</em></strong></span> <span class='ocrx_word' id='word_1_283' title='bbox 905 3302 1132 3382; x_wconf 81' lang='grc' dir='ltr'><strong><em>δουλαγωγεῖν</em></strong></span> <span class='ocrx_word' id='word_1_284' title='bbox 1153 3288 1250 3365; x_wconf 65' lang='lat'><strong><em>5515&lt;</em></strong></span> <span class='ocrx_word' id='word_1_285' title='bbox 1269 3290 1425 3382; x_wconf 71' lang='grc' dir='ltr'><strong><em>»ἀποχαῖς</em></strong></span> <span class='ocrx_word' id='word_1_286' title='bbox 1448 3301 1592 3368; x_wconf 79' lang='grc' dir='ltr'><strong><em>τοιῶνδε</em></strong></span> 
     </span>
     <span class='ocr_line' id='line_1_30' title="bbox 275 3391 1593 3488; baseline -0.002 -19"><span class='ocrx_word' id='word_1_287' title='bbox 275 3395 488 3488; x_wconf 63' lang='grc' dir='ltr'><strong><em>βρωμάτων,</em></strong></span> <span class='ocrx_word' id='word_1_288' title='bbox 510 3403 567 3466; x_wconf 81' lang='grc' dir='ltr'><strong><em>καὶ</em></strong></span> <span class='ocrx_word' id='word_1_289' title='bbox 587 3405 694 3468; x_wconf 80' lang='grc' dir='ltr'><strong><em>παντὶ</em></strong></span> <span class='ocrx_word' id='word_1_290' title='bbox 716 3392 837 3486; x_wconf 86' lang='grc' dir='ltr'><strong><em>τρόπῳ</em></strong></span> <span class='ocrx_word' id='word_1_291' title='bbox 865 3402 930 3484; x_wconf 72' lang='grc' dir='ltr'><strong><em>&gt;τῷ</em></strong></span> <span class='ocrx_word' id='word_1_292' title='bbox 945 3392 1113 3482; x_wconf 84' lang='grc' dir='ltr'><strong><em>πνεύματι</em></strong></span> <span class='ocrx_word' id='word_1_293' title='bbox 1127 3393 1190 3476; x_wconf 84' lang='grc' dir='ltr'><strong><em>τάς</em></strong></span> <span class='ocrx_word' id='word_1_294' title='bbox 1204 3391 1342 3482; x_wconf 78' lang='grc' dir='ltr'><strong><em>πράξεις</em></strong></span> <span class='ocrx_word' id='word_1_295' title='bbox 1358 3394 1593 3483; x_wconf 77' lang='grc' dir='ltr'><strong><em>τοῦσώματος</em></strong></span> 
     </span>
    </p>
   </div>
   <div class='ocr_carea' id='block_1_3' title="bbox 272 3596 1640 4430">
    <p class='ocr_par' dir='ltr' id='par_1_3' title="bbox 272 3596 1640 4430">
     <span class='ocr_line' id='line_1_31' title="bbox 362 3596 1592 3670; baseline -0.003 -15"><span class='ocrx_word' id='word_1_296' title='bbox 362 3600 398 3655; x_wconf 85' lang='lat'><strong><em>1⁰</em></strong></span> <span class='ocrx_word' id='word_1_297' title='bbox 419 3597 701 3670; x_wconf 81' lang='lat' dir='ltr'><strong><em>Vgl.Gen.3,1-5</em></strong></span> <span class='ocrx_word' id='word_1_298' title='bbox 723 3599 799 3666; x_wconf 77' lang='lat' dir='ltr'>(oder</span> <span class='ocrx_word' id='word_1_299' title='bbox 821 3597 1051 3669; x_wconf 60' lang='lat' dir='ltr'><strong>Apokryphen2).</strong></span> <span class='ocrx_word' id='word_1_300' title='bbox 1073 3627 1106 3638; x_wconf 89' lang='lat'><em>-</em></span> <span class='ocrx_word' id='word_1_301' title='bbox 1131 3596 1169 3652; x_wconf 76' lang='lat'><strong><em>18</em></strong></span> <span class='ocrx_word' id='word_1_302' title='bbox 1192 3597 1415 3664; x_wconf 82' lang='lat' dir='ltr'><strong><em>Gen.3,15.—</em></strong></span> <span class='ocrx_word' id='word_1_303' title='bbox 1437 3598 1474 3654; x_wconf 79' lang='lat'><strong><em>18</em></strong></span> <span class='ocrx_word' id='word_1_304' title='bbox 1492 3599 1592 3652; x_wconf 75' lang='lat' dir='ltr'><strong>Matth.</strong></span> 
     </span>
     <span class='ocr_line' id='line_1_32' title="bbox 275 3681 1592 3755; baseline -0.005 -13"><span class='ocrx_word' id='word_1_305' title='bbox 275 3689 299 3750; x_wconf 85' lang='lat'><strong><em>6,</em></strong></span> <span class='ocrx_word' id='word_1_306' title='bbox 311 3687 352 3755; x_wconf 75' lang='grc'><strong><em>24,</em></strong></span> <span class='ocrx_word' id='word_1_307' title='bbox 364 3713 399 3724; x_wconf 94' lang='lat'>-</span> <span class='ocrx_word' id='word_1_308' title='bbox 412 3684 452 3739; x_wconf 73' lang='lat'><strong><em>19</em></strong></span> <span class='ocrx_word' id='word_1_309' title='bbox 471 3682 535 3754; x_wconf 78' lang='lat' dir='ltr'><strong>vgl.</strong></span> <span class='ocrx_word' id='word_1_310' title='bbox 548 3683 648 3738; x_wconf 75' lang='lat' dir='ltr'><strong>Matth.</strong></span> <span class='ocrx_word' id='word_1_311' title='bbox 659 3685 683 3748; x_wconf 83' lang='lat'><strong><em>6,</em></strong></span> <span class='ocrx_word' id='word_1_312' title='bbox 696 3684 730 3738; x_wconf 84' lang='lat'><strong><em>24</em></strong></span> <span class='ocrx_word' id='word_1_313' title='bbox 753 3683 822 3741; x_wconf 79' lang='lat' dir='ltr'><strong>Luk.</strong></span> <span class='ocrx_word' id='word_1_314' title='bbox 837 3685 877 3746; x_wconf 84' lang='grc'><strong><em>16,</em></strong></span> <span class='ocrx_word' id='word_1_315' title='bbox 892 3685 932 3739; x_wconf 87' lang='grc'><strong><em>13.</em></strong></span> <span class='ocrx_word' id='word_1_316' title='bbox 947 3713 980 3722; x_wconf 91' lang='grc'>-</span> <span class='ocrx_word' id='word_1_317' title='bbox 992 3683 1033 3739; x_wconf 85' lang='grc' dir='ltr'><strong><em>2θ</em></strong></span> <span class='ocrx_word' id='word_1_318' title='bbox 1052 3682 1116 3753; x_wconf 76' lang='lat' dir='ltr'>vgl.</span> <span class='ocrx_word' id='word_1_319' title='bbox 1134 3681 1164 3736; x_wconf 89' lang='lat' dir='ltr'><strong><em>in</em></strong></span> <span class='ocrx_word' id='word_1_320' title='bbox 1181 3681 1270 3737; x_wconf 87' lang='lat' dir='ltr'><strong>IKor.</strong></span> <span class='ocrx_word' id='word_1_321' title='bbox 1283 3683 1350 3746; x_wconf 82' lang='lat'>12,6</span> <span class='ocrx_word' id='word_1_322' title='bbox 1368 3682 1438 3751; x_wconf 74' lang='lat' dir='ltr'><strong>(eat.</strong></span> <span class='ocrx_word' id='word_1_323' title='bbox 1456 3681 1545 3737; x_wconf 75' lang='lat' dir='ltr'><strong>Gram.</strong></span> <span class='ocrx_word' id='word_1_324' title='bbox 1558 3683 1592 3746; x_wconf 89' lang='lat' dir='ltr'><strong><em>V,</em></strong></span> 
     </span>
     <span class='ocr_line' id='line_1_33' title="bbox 275 3761 1592 3842; baseline -0.005 -16"><span class='ocrx_word' id='word_1_325' title='bbox 275 3773 333 3837; x_wconf 80' lang='lat'><strong>227,</strong></span> <span class='ocrx_word' id='word_1_326' title='bbox 351 3769 440 3837; x_wconf 65' lang='lat'><strong><em>2515:</em></strong></span> <span class='ocrx_word' id='word_1_327' title='bbox 467 3761 527 3824; x_wconf 79' lang='grc' dir='ltr'><strong><em>ἐστι</em></strong></span> <span class='ocrx_word' id='word_1_328' title='bbox 548 3787 590 3834; x_wconf 89' lang='grc' dir='ltr'><strong><em>τις</em></strong></span> <span class='ocrx_word' id='word_1_329' title='bbox 613 3763 721 3842; x_wconf 72' lang='grc' dir='ltr'><strong><em>αἵρεσις</em></strong></span> <span class='ocrx_word' id='word_1_330' title='bbox 743 3765 803 3838; x_wconf 81' lang='grc' dir='ltr'><strong><em>ἥτις</em></strong></span> <span class='ocrx_word' id='word_1_331' title='bbox 822 3765 856 3824; x_wconf 84' lang='grc' dir='ltr'><strong><em>οὐ</em></strong></span> <span class='ocrx_word' id='word_1_332' title='bbox 874 3769 1022 3839; x_wconf 87' lang='grc' dir='ltr'><strong><em>προσίεται</em></strong></span> <span class='ocrx_word' id='word_1_333' title='bbox 1039 3765 1090 3822; x_wconf 85' lang='grc' dir='ltr'><strong><em>τὸν</em></strong></span> <span class='ocrx_word' id='word_1_334' title='bbox 1107 3765 1273 3838; x_wconf 75' lang='grc' dir='ltr'><strong><em>προσιόντα,</em></strong></span> <span class='ocrx_word' id='word_1_335' title='bbox 1292 3763 1319 3821; x_wconf 86' lang='grc' dir='ltr'><strong><em>εί</em></strong></span> <span class='ocrx_word' id='word_1_336' title='bbox 1334 3767 1372 3834; x_wconf 76' lang='grc' dir='ltr'><strong><em>μὴ</em></strong></span> <span class='ocrx_word' id='word_1_337' title='bbox 1392 3761 1592 3835; x_wconf 81' lang='grc' dir='ltr'><strong><em>ἀναθεματίση</em></strong></span> 
     </span>
     <span class='ocr_line' id='line_1_34' title="bbox 275 3842 1640 3925; baseline -0.004 -14"><span class='ocrx_word' id='word_1_338' title='bbox 275 3854 326 3911; x_wconf 83' lang='grc' dir='ltr'><strong><em>τὸν</em></strong></span> <span class='ocrx_word' id='word_1_339' title='bbox 343 3847 463 3922; x_wconf 78' lang='grc' dir='ltr'><strong><em>Ἰησοῦν·</em></strong></span> <span class='ocrx_word' id='word_1_340' title='bbox 486 3854 535 3908; x_wconf 84' lang='grc' dir='ltr'><strong><em>καὶ</em></strong></span> <span class='ocrx_word' id='word_1_341' title='bbox 556 3853 573 3922; x_wconf 88' lang='lat'><strong><em>5</em></strong></span> <span class='ocrx_word' id='word_1_342' title='bbox 597 3847 704 3925; x_wconf 70' lang='grc' dir='ltr'><strong><em>αἵρεσις</em></strong></span> <span class='ocrx_word' id='word_1_343' title='bbox 723 3847 816 3922; x_wconf 88' lang='grc' dir='ltr'><strong><em>ἐκείνη</em></strong></span> <span class='ocrx_word' id='word_1_344' title='bbox 835 3849 900 3919; x_wconf 76' lang='grc' dir='ltr'><strong><em>ἀξία</em></strong></span> <span class='ocrx_word' id='word_1_345' title='bbox 919 3849 978 3907; x_wconf 82' lang='grc' dir='ltr'><strong><em>ἐστὶ</em></strong></span> <span class='ocrx_word' id='word_1_346' title='bbox 994 3857 1046 3907; x_wconf 90' lang='grc' dir='ltr'><strong><em>τοῦ</em></strong></span> <span class='ocrx_word' id='word_1_347' title='bbox 1065 3847 1209 3918; x_wconf 83' lang='grc' dir='ltr'><strong><em>ὀνόματος</em></strong></span> <span class='ocrx_word' id='word_1_348' title='bbox 1226 3842 1260 3905; x_wconf 83' lang='grc' dir='ltr'><strong><em>οὗ</em></strong></span> <span class='ocrx_word' id='word_1_349' title='bbox 1278 3847 1437 3920; x_wconf 71' lang='grc' dir='ltr'><strong><em>ἠγάπησεν·</em></strong></span> <span class='ocrx_word' id='word_1_350' title='bbox 1461 3845 1519 3906; x_wconf 75' lang='grc' dir='ltr'><strong><em>ἐστι</em></strong></span> <span class='ocrx_word' id='word_1_351' title='bbox 1537 3849 1592 3922; x_wconf 85' lang='grc' dir='ltr'><strong><em>γὰρ</em></strong></span> <span class='ocrx_word' id='word_1_352' title='bbox 1638 3851 1640 3855; x_wconf 74' lang='grc'>’</span> 
     </span>
     <span class='ocr_line' id='line_1_35' title="bbox 275 3931 1593 4010; baseline -0.005 -15"><span class='ocrx_word' id='word_1_353' title='bbox 275 3939 291 4008; x_wconf 84' lang='lat'><strong><em>5</em></strong></span> <span class='ocrx_word' id='word_1_354' title='bbox 311 3933 418 4010; x_wconf 83' lang='grc' dir='ltr'><strong><em>αίρεσις</em></strong></span> <span class='ocrx_word' id='word_1_355' title='bbox 438 3943 497 3993; x_wconf 84' lang='grc' dir='ltr'><strong><em>τῶν</em></strong></span> <span class='ocrx_word' id='word_1_356' title='bbox 515 3935 699 4006; x_wconf 79' lang='grc' dir='ltr'><strong><em>καλουμένων</em></strong></span> <span class='ocrx_word' id='word_1_357' title='bbox 718 3931 856 4008; x_wconf 81' lang='grc' dir='ltr'><strong><em>Ὀφιανῶν</em></strong></span> <span class='ocrx_word' id='word_1_358' title='bbox 880 3931 982 4002; x_wconf 70' lang='grc' dir='ltr'><strong><em>οἵτινες</em></strong></span> <span class='ocrx_word' id='word_1_359' title='bbox 999 3931 1033 3990; x_wconf 83' lang='grc' dir='ltr'><strong><em>οὐ</em></strong></span> <span class='ocrx_word' id='word_1_360' title='bbox 1050 3931 1154 4003; x_wconf 81' lang='grc' dir='ltr'><strong><em>θεμιτᾶ</em></strong></span> <span class='ocrx_word' id='word_1_361' title='bbox 1173 3933 1303 4004; x_wconf 82' lang='grc' dir='ltr'><strong><em>λέγουσιν</em></strong></span> <span class='ocrx_word' id='word_1_362' title='bbox 1322 3932 1362 4000; x_wconf 83' lang='grc' dir='ltr'><strong><em>εἰς</em></strong></span> <span class='ocrx_word' id='word_1_363' title='bbox 1380 3931 1525 4005; x_wconf 83' lang='grc' dir='ltr'><strong><em>ἐγκώμιον</em></strong></span> <span class='ocrx_word' id='word_1_364' title='bbox 1542 3942 1593 3990; x_wconf 87' lang='grc' dir='ltr'><strong><em>τοῦ</em></strong></span> 
     </span>
     <span class='ocr_line' id='line_1_36' title="bbox 275 4015 1591 4094; baseline -0.003 -16"><span class='ocrx_word' id='word_1_365' title='bbox 275 4019 377 4094; x_wconf 73' lang='grc' dir='ltr'><strong><em>ὄφεως,</em></strong></span> <span class='ocrx_word' id='word_1_366' title='bbox 396 4018 427 4088; x_wconf 77' lang='grc' dir='ltr'><strong><em>ὃς</em></strong></span> <span class='ocrx_word' id='word_1_367' title='bbox 445 4019 656 4092; x_wconf 85' lang='grc' dir='ltr'><strong><em>ἐπικωτάρατός</em></strong></span> <span class='ocrx_word' id='word_1_368' title='bbox 674 4015 752 4078; x_wconf 85' lang='grc' dir='ltr'><strong><em>ἐστιν</em></strong></span> <span class='ocrx_word' id='word_1_369' title='bbox 769 4017 827 4078; x_wconf 78' lang='grc' dir='ltr'><strong><em>ἀπὸ</em></strong></span> <span class='ocrx_word' id='word_1_370' title='bbox 845 4029 897 4078; x_wconf 85' lang='grc' dir='ltr'><strong><em>τοῦ</em></strong></span> <span class='ocrx_word' id='word_1_371' title='bbox 916 4024 995 4076; x_wconf 88' lang='grc' dir='ltr'><strong><em>θεοῦ.</em></strong></span> <span class='ocrx_word' id='word_1_372' title='bbox 1023 4019 1085 4090; x_wconf 85' lang='lat' dir='ltr'>Vgl.</span> <span class='ocrx_word' id='word_1_373' title='bbox 1103 4035 1126 4072; x_wconf 89' lang='grc' dir='ltr'><strong><em>ο.</em></strong></span> <span class='ocrx_word' id='word_1_374' title='bbox 1143 4017 1212 4072; x_wconf 76' lang='lat' dir='ltr'>Cels.</span> <span class='ocrx_word' id='word_1_375' title='bbox 1225 4020 1249 4082; x_wconf 87' lang='lat'><strong><em>6,</em></strong></span> <span class='ocrx_word' id='word_1_376' title='bbox 1262 4019 1296 4074; x_wconf 83' lang='lat'><strong><em>28</em></strong></span> <span class='ocrx_word' id='word_1_377' title='bbox 1313 4019 1591 4088; x_wconf 75' lang='lat' dir='ltr'>(Orig.11,9814ff.):</span> 
     </span>
     <span class='ocr_line' id='line_1_37' title="bbox 274 4099 1593 4177; baseline -0.005 -13"><span class='ocrx_word' id='word_1_378' title='bbox 274 4104 304 4164; x_wconf 79' lang='grc' dir='ltr'><strong><em>ολ</em></strong></span> <span class='ocrx_word' id='word_1_379' title='bbox 328 4105 363 4163; x_wconf 82' lang='grc' dir='ltr'><strong><em>τά</em></strong></span> <span class='ocrx_word' id='word_1_380' title='bbox 385 4113 437 4163; x_wconf 83' lang='grc' dir='ltr'><strong><em>τοῦ</em></strong></span> <span class='ocrx_word' id='word_1_381' title='bbox 459 4102 554 4177; x_wconf 79' lang='grc' dir='ltr'><strong><em>ὄφεως</em></strong></span> <span class='ocrx_word' id='word_1_382' title='bbox 575 4101 708 4175; x_wconf 78' lang='grc' dir='ltr'><strong><em>ἑλόμενοι</em></strong></span> <span class='ocrx_word' id='word_1_383' title='bbox 730 4101 770 4173; x_wconf 82' lang='grc' dir='ltr'><strong><em>ὼς</em></strong></span> <span class='ocrx_word' id='word_1_384' title='bbox 791 4111 887 4172; x_wconf 84' lang='grc' dir='ltr'><strong><em>καλῶς</em></strong></span> <span class='ocrx_word' id='word_1_385' title='bbox 910 4112 970 4169; x_wconf 87' lang='grc' dir='ltr'><strong><em>τοῖς</em></strong></span> <span class='ocrx_word' id='word_1_386' title='bbox 994 4099 1120 4175; x_wconf 83' lang='grc' dir='ltr'><strong><em>πρώτοις</em></strong></span> <span class='ocrx_word' id='word_1_387' title='bbox 1142 4099 1310 4173; x_wconf 81' lang='grc' dir='ltr'><strong><em>ἀνθρώποις</em></strong></span> <span class='ocrx_word' id='word_1_388' title='bbox 1331 4101 1593 4174; x_wconf 72' lang='grc' dir='ltr'><strong><em>συμβουλεύσαντος</em></strong></span> 
     </span>
     <span class='ocr_line' id='line_1_38' title="bbox 276 4181 1591 4264; baseline -0.002 -20"><span class='ocrx_word' id='word_1_389' title='bbox 276 4232 361 4264; x_wconf 62' lang='lat'>..‚..</span> <span class='ocrx_word' id='word_1_390' title='bbox 379 4193 427 4247; x_wconf 83' lang='grc' dir='ltr'><strong><em>καί</em></strong></span> <span class='ocrx_word' id='word_1_391' title='bbox 445 4184 570 4262; x_wconf 83' lang='grc' dir='ltr'><strong><em>Ὀφιανοί</em></strong></span> <span class='ocrx_word' id='word_1_392' title='bbox 591 4189 637 4246; x_wconf 81' lang='grc' dir='ltr'><strong><em>διὰ</em></strong></span> <span class='ocrx_word' id='word_1_393' title='bbox 658 4198 744 4246; x_wconf 86' lang='grc' dir='ltr'><strong><em>τοῦτο</em></strong></span> <span class='ocrx_word' id='word_1_394' title='bbox 767 4190 940 4259; x_wconf 78' lang='grc' dir='ltr'><strong><em>καλούμενοι</em></strong></span> <span class='ocrx_word' id='word_1_395' title='bbox 964 4195 1101 4244; x_wconf 88' lang='grc' dir='ltr'><strong><em>τοσοῦτον</em></strong></span> <span class='ocrx_word' id='word_1_396' title='bbox 1124 4185 1277 4243; x_wconf 79' lang='grc' dir='ltr'><strong><em>ἀποδέουσι</em></strong></span> <span class='ocrx_word' id='word_1_397' title='bbox 1298 4195 1351 4242; x_wconf 86' lang='grc' dir='ltr'><strong><em>τοῦ</em></strong></span> <span class='ocrx_word' id='word_1_398' title='bbox 1368 4181 1442 4242; x_wconf 81' lang='grc' dir='ltr'><strong><em>εἶναι</em></strong></span> <span class='ocrx_word' id='word_1_399' title='bbox 1459 4187 1591 4259; x_wconf 81' lang='grc' dir='ltr'><strong><em>Χριστια-</em></strong></span> 
     </span>
     <span class='ocr_line' id='line_1_39' title="bbox 273 4271 1593 4345; baseline -0.004 -14"><span class='ocrx_word' id='word_1_400' title='bbox 273 4277 319 4332; x_wconf 83' lang='grc' dir='ltr'><strong><em>νοί</em></strong></span> <span class='ocrx_word' id='word_1_401' title='bbox 336 4279 394 4332; x_wconf 88' lang='grc' dir='ltr'><strong><em>κτλ.</em></strong></span> <span class='ocrx_word' id='word_1_402' title='bbox 412 4305 446 4314; x_wconf 93' lang='grc'>-</span> <span class='ocrx_word' id='word_1_403' title='bbox 463 4276 503 4331; x_wconf 69' lang='grc' dir='ltr'><strong><em>2ο</em></strong></span> <span class='ocrx_word' id='word_1_404' title='bbox 522 4273 584 4345; x_wconf 81' lang='lat' dir='ltr'>Vgl.</span> <span class='ocrx_word' id='word_1_405' title='bbox 603 4274 694 4329; x_wconf 87' lang='lat' dir='ltr'>IKor.</span> <span class='ocrx_word' id='word_1_406' title='bbox 711 4276 735 4339; x_wconf 88' lang='grc'><strong><em>9,</em></strong></span> <span class='ocrx_word' id='word_1_407' title='bbox 749 4277 772 4330; x_wconf 85' lang='grc'><strong><em>5.</em></strong></span> <span class='ocrx_word' id='word_1_408' title='bbox 791 4303 825 4315; x_wconf 88' lang='lat'><em>-</em></span> <span class='ocrx_word' id='word_1_409' title='bbox 845 4275 881 4329; x_wconf 78' lang='grc'><strong><em>26</em></strong></span> <span class='ocrx_word' id='word_1_410' title='bbox 899 4273 963 4343; x_wconf 72' lang='lat' dir='ltr'><strong>vgl.</strong></span> <span class='ocrx_word' id='word_1_411' title='bbox 982 4271 1042 4326; x_wconf 74' lang='lat' dir='ltr'>Gal.</span> <span class='ocrx_word' id='word_1_412' title='bbox 1061 4273 1190 4336; x_wconf 82' lang='lat'><strong><em>5‚17.-</em></strong></span> <span class='ocrx_word' id='word_1_413' title='bbox 1209 4271 1247 4327; x_wconf 80' lang='grc'><strong><em>27</em></strong></span> <span class='ocrx_word' id='word_1_414' title='bbox 1267 4272 1593 4341; x_wconf 73' lang='lat' dir='ltr'>vgl.1K01.9,27.-</span> 
     </span>
     <span class='ocr_line' id='line_1_40' title="bbox 272 4357 998 4430; baseline -0.007 -14"><span class='ocrx_word' id='word_1_415' title='bbox 272 4360 312 4416; x_wconf 86' lang='grc'><strong><em>28</em></strong></span> <span class='ocrx_word' id='word_1_416' title='bbox 331 4360 395 4430; x_wconf 80' lang='lat' dir='ltr'>Vgl.</span> <span class='ocrx_word' id='word_1_417' title='bbox 413 4361 426 4414; x_wconf 93' lang='lat'>1</span> <span class='ocrx_word' id='word_1_418' title='bbox 443 4359 513 4416; x_wconf 82' lang='lat' dir='ltr'><strong>Tim.</strong></span> <span class='ocrx_word' id='word_1_419' title='bbox 529 4362 554 4426; x_wconf 85' lang='grc'><strong><em>4,</em></strong></span> <span class='ocrx_word' id='word_1_420' title='bbox 573 4362 597 4415; x_wconf 90' lang='grc'><strong><em>3.</em></strong></span> <span class='ocrx_word' id='word_1_421' title='bbox 615 4387 649 4399; x_wconf 92' lang='grc'>-</span> <span class='ocrx_word' id='word_1_422' title='bbox 666 4358 710 4414; x_wconf 86' lang='grc' dir='ltr'><strong><em>2θ</em></strong></span> <span class='ocrx_word' id='word_1_423' title='bbox 729 4359 801 4429; x_wconf 81' lang='lat' dir='ltr'><strong>Vgl.</strong></span> <span class='ocrx_word' id='word_1_424' title='bbox 819 4357 895 4413; x_wconf 66' lang='lat' dir='ltr'><strong>Rom.</strong></span> <span class='ocrx_word' id='word_1_425' title='bbox 914 4359 938 4420; x_wconf 87' lang='grc'><strong><em>8,</em></strong></span> <span class='ocrx_word' id='word_1_426' title='bbox 958 4359 998 4413; x_wconf 88' lang='grc'><strong><em>13.</em></strong></span> 
     </span>
    </p>
   </div>
   <div class='ocr_carea' id='block_1_4' title="bbox 272 4517 1593 4682">
    <p class='ocr_par' dir='ltr' id='par_1_4' title="bbox 272 4517 1593 4682">
     <span class='ocr_line' id='line_1_41' title="bbox 357 4517 1593 4594; baseline -0.005 -13"><span class='ocrx_word' id='word_1_427' title='bbox 357 4525 452 4594; x_wconf 65' lang='lat'><strong><em>2451</em></strong></span> <span class='ocrx_word' id='word_1_428' title='bbox 471 4527 498 4580; x_wconf 89' lang='grc' dir='ltr'><strong><em>τί</em></strong></span> <span class='ocrx_word' id='word_1_429' title='bbox 515 4526 559 4580; x_wconf 85' lang='lat' dir='ltr'><strong><em>Gh</em></strong></span> <span class='ocrx_word' id='word_1_430' title='bbox 575 4524 608 4580; x_wconf 87' lang='grc' dir='ltr'><strong><em>τὸ</em></strong></span> <span class='ocrx_word' id='word_1_431' title='bbox 628 4525 703 4580; x_wconf 76' lang='lat' dir='ltr'>Diels</span> <span class='ocrx_word' id='word_1_432' title='bbox 724 4525 882 4580; x_wconf 74' lang='lat' dir='ltr'><strong>Koetsohau</strong></span> <span class='ocrx_word' id='word_1_433' title='bbox 903 4519 947 4580; x_wconf 76' lang='grc' dir='ltr'><strong><em>ὅτι</em></strong></span> <span class='ocrx_word' id='word_1_434' title='bbox 964 4524 982 4578; x_wconf 82' lang='grc' dir='ltr'><strong><em>θ</em></strong></span> <span class='ocrx_word' id='word_1_435' title='bbox 1001 4525 1005 4592; x_wconf 90' lang='grc'>1</span> <span class='ocrx_word' id='word_1_436' title='bbox 1024 4531 1074 4579; x_wconf 85' lang='grc' dir='ltr'><strong><em>τοῖ</em></strong></span> <span class='ocrx_word' id='word_1_437' title='bbox 1093 4523 1127 4577; x_wconf 77' lang='grc' dir='ltr'><strong><em>θ*</em></strong></span> <span class='ocrx_word' id='word_1_438' title='bbox 1149 4529 1210 4588; x_wconf 87' lang='grc' dir='ltr'><strong><em>τοῖς</em></strong></span> <span class='ocrx_word' id='word_1_439' title='bbox 1228 4523 1309 4577; x_wconf 73' lang='lat' dir='ltr'>Swrr·</span> <span class='ocrx_word' id='word_1_440' title='bbox 1330 4524 1334 4591; x_wconf 93' lang='grc' dir='ltr'>Ι</span> <span class='ocrx_word' id='word_1_441' title='bbox 1354 4521 1391 4577; x_wconf 80' lang='grc'><strong><em>26</em></strong></span> <span class='ocrx_word' id='word_1_442' title='bbox 1414 4517 1536 4592; x_wconf 83' lang='grc' dir='ltr'><strong><em>αίρεῖται</em></strong></span> <span class='ocrx_word' id='word_1_443' title='bbox 1554 4517 1593 4574; x_wconf 79' lang='lat'><strong><em>00</em></strong></span> 
     </span>
     <span class='ocr_line' id='line_1_42' title="bbox 272 4603 1030 4682; baseline -0.005 -16"><span class='ocrx_word' id='word_1_444' title='bbox 272 4606 384 4682; x_wconf 82' lang='grc' dir='ltr'><strong><em>ἀρεῖται</em></strong></span> <span class='ocrx_word' id='word_1_445' title='bbox 402 4607 420 4662; x_wconf 83' lang='lat' dir='ltr'>S</span> <span class='ocrx_word' id='word_1_446' title='bbox 435 4610 439 4676; x_wconf 79' lang='grc' dir='ltr'>ῐ</span> <span class='ocrx_word' id='word_1_447' title='bbox 455 4609 493 4664; x_wconf 81' lang='grc'><strong><em>21</em></strong></span> <span class='ocrx_word' id='word_1_448' title='bbox 514 4603 682 4676; x_wconf 70' lang='grc' dir='ltr'><strong><em>ὑπαντιάζειν</em></strong></span> <span class='ocrx_word' id='word_1_449' title='bbox 702 4609 735 4663; x_wconf 80' lang='grc' dir='ltr'><strong><em>θ*</em></strong></span> <span class='ocrx_word' id='word_1_450' title='bbox 755 4603 929 4676; x_wconf 80' lang='grc' dir='ltr'><strong><em>ὑπωπιάζειν</em></strong></span> <span class='ocrx_word' id='word_1_451' title='bbox 949 4609 1030 4663; x_wconf 76' lang='lat' dir='ltr'>seon.</span> 
     </span>
    </p>
   </div>
   <div class='ocr_carea' id='block_1_5' title="bbox 0 0 1852 5542">
    <p class='ocr_par' dir='ltr' id='par_1_5' title="bbox 0 0 1852 5542">
     <span class='ocr_line' id='line_1_43' title="bbox 0 0 1852 5542; baseline 0 0"><span class='ocrx_word' id='word_1_452' title='bbox 0 0 1852 5542; x_wconf 95' lang='lat' dir='ltr'><strong><em> </em></strong></span> 
     </span>
    </p>
   </div>
  </div>
 </body>
</html>
