<?xml version="1.0" encoding="UTF-8"?>
<!DOCTYPE html PUBLIC "-//W3C//DTD XHTML 1.0 Transitional//EN"
    "http://www.w3.org/TR/xhtml1/DTD/xhtml1-transitional.dtd">
<html xmlns="http://www.w3.org/1999/xhtml" xml:lang="en" lang="en">
 <head>
  <title>
</title>
<meta http-equiv="Content-Type" content="text/html;charset=utf-8" />
  <meta name='ocr-system' content='tesseract 3.04.00' />
  <meta name='ocr-capabilities' content='ocr_page ocr_carea ocr_par ocr_line ocrx_word'/>
</head>
<body>
  <div class='ocr_page' id='page_1' title='image "./diegriechischen01unkngoog/diegriechischen01unkngoog_0325.png"; bbox 0 0 3658 5566; ppageno 0'>
   <div class='ocr_carea' id='block_1_1' title="bbox 694 387 1208 459">
    <p class='ocr_par' dir='ltr' id='par_1_1' title="bbox 694 387 1208 459">
     <span class='ocr_line' id='line_1_1' title="bbox 694 387 1208 459; baseline -0.006 -16"><span class='ocrx_word' id='word_1_1' title='bbox 694 387 834 459; x_wconf 52' lang='lat' dir='ltr'><strong><em>Origene&amp;</em></strong></span> <span class='ocrx_word' id='word_1_2' title='bbox 852 387 1208 459; x_wconf 72' lang='lat' dir='ltr'><strong>Klagelioderkommentar.</strong></span> 
     </span>
    </p>
   </div>
   <div class='ocr_carea' id='block_1_2' title="bbox 663 653 1231 739">
    <p class='ocr_par' dir='ltr' id='par_1_2' title="bbox 663 653 1231 739">
     <span class='ocr_line' id='line_1_2' title="bbox 663 653 1231 739; baseline 0.005 -19"><span class='ocrx_word' id='word_1_3' title='bbox 663 653 720 720; x_wconf 86' lang='lat' dir='ltr'><strong><em>Nr.</em></strong></span> <span class='ocrx_word' id='word_1_4' title='bbox 741 653 852 722; x_wconf 80' lang='lat' dir='ltr'>LXXI.</span> <span class='ocrx_word' id='word_1_5' title='bbox 894 654 1016 739; x_wconf 75' lang='lat' dir='ltr'>Klagel.</span> <span class='ocrx_word' id='word_1_6' title='bbox 1031 653 1145 720; x_wconf 83' lang='lat' dir='ltr'><strong>Jerem.</strong></span> <span class='ocrx_word' id='word_1_7' title='bbox 1161 661 1188 736; x_wconf 89' lang='grc'><strong><em>3,</em></strong></span> <span class='ocrx_word' id='word_1_8' title='bbox 1204 662 1231 723; x_wconf 87' lang='grc'><strong><em>9.</em></strong></span> 
     </span>
    </p>
   </div>
   <div class='ocr_carea' id='block_1_3' title="bbox 257 811 1602 1306">
    <p class='ocr_par' dir='ltr' id='par_1_3' title="bbox 293 811 1602 1108">
     <span class='ocr_line' id='line_1_3' title="bbox 375 811 1602 944; baseline 0.002 -57"><span class='ocrx_word' id='word_1_9' title='bbox 375 811 537 944; x_wconf 78' lang='grc' dir='ltr'><strong><em>Ὀρμήσας</em></strong></span> <span class='ocrx_word' id='word_1_10' title='bbox 563 816 627 909; x_wconf 83' lang='grc' dir='ltr'><strong><em>γάρ</em></strong></span> <span class='ocrx_word' id='word_1_11' title='bbox 653 814 820 900; x_wconf 77' lang='grc' dir='ltr'><strong><em>πολλάκις</em></strong></span> <span class='ocrx_word' id='word_1_12' title='bbox 847 813 888 889; x_wconf 89' lang='grc' dir='ltr'><strong><em>ού</em></strong></span> <span class='ocrx_word' id='word_1_13' title='bbox 909 815 1130 938; x_wconf 75' lang='grc' dir='ltr'><strong><em>συνεχωρήθη</em></strong></span> <span class='ocrx_word' id='word_1_14' title='bbox 1150 815 1425 908; x_wconf 81' lang='grc' dir='ltr'><strong><em>παραιτήσασθαι</em></strong></span> <span class='ocrx_word' id='word_1_15' title='bbox 1446 816 1511 907; x_wconf 81' lang='grc' dir='ltr'><strong><em>τήν</em></strong></span> <span class='ocrx_word' id='word_1_16' title='bbox 1532 826 1602 890; x_wconf 88' lang='grc' dir='ltr'><strong><em>δια-</em></strong></span> 
     </span>
     <span class='ocr_line' id='line_1_4' title="bbox 293 911 1602 1008; baseline 0.003 -22"><span class='ocrx_word' id='word_1_17' title='bbox 293 923 422 989; x_wconf 88' lang='grc' dir='ltr'><strong><em>κονίαν.</em></strong></span> <span class='ocrx_word' id='word_1_18' title='bbox 464 918 587 1004; x_wconf 76' lang='grc' dir='ltr'><strong><em>ἔφασκε</em></strong></span> <span class='ocrx_word' id='word_1_19' title='bbox 610 914 684 1008; x_wconf 89' lang='grc' dir='ltr'><strong><em>γάρ·</em></strong></span> <span class='ocrx_word' id='word_1_20' title='bbox 716 912 775 989; x_wconf 75' lang='grc' dir='ltr'><strong><em>»ού</em></strong></span> <span class='ocrx_word' id='word_1_21' title='bbox 795 915 840 1008; x_wconf 86' lang='grc' dir='ltr'><strong><em>μὴ</em></strong></span> <span class='ocrx_word' id='word_1_22' title='bbox 863 911 1022 1006; x_wconf 81' lang='grc' dir='ltr'><strong><em>ὀνομάσω</em></strong></span> <span class='ocrx_word' id='word_1_23' title='bbox 1045 917 1086 990; x_wconf 82' lang='grc' dir='ltr'><strong><em>τὸ</em></strong></span> <span class='ocrx_word' id='word_1_24' title='bbox 1109 911 1217 1008; x_wconf 86' lang='grc' dir='ltr'><strong><em>ὄνομα</em></strong></span> <span class='ocrx_word' id='word_1_25' title='bbox 1239 926 1386 1006; x_wconf 73' lang='grc' dir='ltr'><strong><em>κυρίουι,</em></strong></span> <span class='ocrx_word' id='word_1_26' title='bbox 1408 915 1515 989; x_wconf 72' lang='grc' dir='ltr'><strong><em>καὶ”</em></strong></span> <span class='ocrx_word' id='word_1_27' title='bbox 1485 942 1602 1006; x_wconf 84' lang='grc' dir='ltr'><strong><em>ωσπερ</em></strong></span> 
     </span>
     <span class='ocr_line' id='line_1_5' title="bbox 293 1013 1601 1108; baseline 0.001 -21"><span class='ocrx_word' id='word_1_28' title='bbox 293 1014 361 1088; x_wconf 86' lang='grc' dir='ltr'><strong><em>ύπὸ</em></strong></span> <span class='ocrx_word' id='word_1_29' title='bbox 383 1018 491 1107; x_wconf 87' lang='grc' dir='ltr'><strong><em>πυρὸς</em></strong></span> <span class='ocrx_word' id='word_1_30' title='bbox 513 1015 752 1106; x_wconf 85' lang='grc' dir='ltr'><strong><em>συνηλαύνετο.</em></strong></span> <span class='ocrx_word' id='word_1_31' title='bbox 794 1014 1016 1107; x_wconf 76' lang='grc' dir='ltr'><strong><em>ἐμφράττει</em></strong></span> <span class='ocrx_word' id='word_1_32' title='bbox 1042 1023 1153 1089; x_wconf 79' lang='grc' dir='ltr'><strong><em>δὲκαὶ</em></strong></span> <span class='ocrx_word' id='word_1_33' title='bbox 1177 1017 1245 1100; x_wconf 84' lang='grc' dir='ltr'><strong><em>τὰς</em></strong></span> <span class='ocrx_word' id='word_1_34' title='bbox 1260 1013 1381 1100; x_wconf 82' lang='grc' dir='ltr'><strong><em>ὁδούς</em></strong></span> <span class='ocrx_word' id='word_1_35' title='bbox 1402 1025 1476 1088; x_wconf 90' lang='grc' dir='ltr'><strong><em>τῶν</em></strong></span> <span class='ocrx_word' id='word_1_36' title='bbox 1497 1013 1601 1108; x_wconf 77' lang='grc' dir='ltr'><strong><em>ἁμαρ-</em></strong></span> 
     </span>
    </p>

    <p class='ocr_par' dir='ltr' id='par_1_4' title="bbox 257 1111 1601 1306">
     <span class='ocr_line' id='line_1_6' title="bbox 257 1111 1601 1208; baseline 0.003 -22"><span class='ocrx_word' id='word_1_37' title='bbox 257 1123 421 1188; x_wconf 78' lang='grc' dir='ltr'><strong><em>στωλῶν</em></strong></span> <span class='ocrx_word' id='word_1_38' title='bbox 451 1112 492 1188; x_wconf 86' lang='grc' dir='ltr'><strong><em>ού</em></strong></span> <span class='ocrx_word' id='word_1_39' title='bbox 521 1123 706 1208; x_wconf 79' lang='grc' dir='ltr'><strong><em>συγχωρῶν</em></strong></span> <span class='ocrx_word' id='word_1_40' title='bbox 738 1111 909 1203; x_wconf 83' lang='grc' dir='ltr'><strong><em>ἆμαρτεῑν.</em></strong></span> <span class='ocrx_word' id='word_1_41' title='bbox 952 1112 1026 1188; x_wconf 78' lang='grc' dir='ltr'><strong><em>ἀλλ’</em></strong></span> <span class='ocrx_word' id='word_1_42' title='bbox 1050 1113 1091 1189; x_wconf 88' lang='grc' dir='ltr'><strong><em>ού</em></strong></span> <span class='ocrx_word' id='word_1_43' title='bbox 1116 1122 1274 1199; x_wconf 87' lang='grc' dir='ltr'><strong><em>τοιοῦτος</em></strong></span> <span class='ocrx_word' id='word_1_44' title='bbox 1301 1112 1538 1208; x_wconf 85' lang='grc' dir='ltr'><strong><em>ὁπροφήτης,</em></strong></span> <span class='ocrx_word' id='word_1_45' title='bbox 1561 1112 1601 1200; x_wconf 77' lang='grc' dir='ltr'><strong><em>ὅς</em></strong></span> 
     </span>
     <span class='ocr_line' id='line_1_7' title="bbox 293 1212 1294 1306; baseline 0.003 -20"><span class='ocrx_word' id='word_1_46' title='bbox 293 1222 332 1304; x_wconf 83' lang='grc' dir='ltr'><strong><em>γε’</em></strong></span> <span class='ocrx_word' id='word_1_47' title='bbox 351 1239 466 1306; x_wconf 86' lang='grc' dir='ltr'><strong><em>φησιν·</em></strong></span> <span class='ocrx_word' id='word_1_48' title='bbox 499 1212 580 1288; x_wconf 75' lang='grc' dir='ltr'><strong><em>»ούκ</em></strong></span> <span class='ocrx_word' id='word_1_49' title='bbox 601 1213 744 1287; x_wconf 78' lang='grc' dir='ltr'><strong><em>ἐκάθισα</em></strong></span> <span class='ocrx_word' id='word_1_50' title='bbox 765 1213 849 1304; x_wconf 82' lang='grc' dir='ltr'><strong><em>μετά</em></strong></span> <span class='ocrx_word' id='word_1_51' title='bbox 871 1221 1046 1304; x_wconf 75' lang='grc' dir='ltr'><strong><em>συνεδρίου</em></strong></span> <span class='ocrx_word' id='word_1_52' title='bbox 1067 1213 1294 1302; x_wconf 69' lang='grc' dir='ltr'><strong><em>παιζόντωνε.</em></strong></span> 
     </span>
    </p>
   </div>
   <div class='ocr_carea' id='block_1_4' title="bbox 640 1466 1248 1554">
    <p class='ocr_par' dir='ltr' id='par_1_5' title="bbox 640 1466 1248 1554">
     <span class='ocr_line' id='line_1_8' title="bbox 640 1466 1248 1554; baseline 0 -21"><span class='ocrx_word' id='word_1_53' title='bbox 640 1467 698 1534; x_wconf 88' lang='lat' dir='ltr'><strong><em>Nr.</em></strong></span> <span class='ocrx_word' id='word_1_54' title='bbox 718 1468 845 1535; x_wconf 85' lang='lat' dir='ltr'>LXXII.</span> <span class='ocrx_word' id='word_1_55' title='bbox 888 1468 1012 1554; x_wconf 80' lang='lat' dir='ltr'>Klagel.</span> <span class='ocrx_word' id='word_1_56' title='bbox 1027 1466 1142 1534; x_wconf 83' lang='lat' dir='ltr'><strong>Jerem.</strong></span> <span class='ocrx_word' id='word_1_57' title='bbox 1157 1473 1185 1550; x_wconf 88' lang='grc'><strong><em>3,</em></strong></span> <span class='ocrx_word' id='word_1_58' title='bbox 1203 1475 1248 1536; x_wconf 82' lang='lat'><strong><em>12.</em></strong></span> 
     </span>
    </p>
   </div>
   <div class='ocr_carea' id='block_1_5' title="bbox 292 1626 1599 1820">
    <p class='ocr_par' dir='ltr' id='par_1_6' title="bbox 292 1626 1599 1820">
     <span class='ocr_line' id='line_1_9' title="bbox 374 1626 1599 1720; baseline 0 -19"><span class='ocrx_word' id='word_1_59' title='bbox 374 1637 450 1702; x_wconf 82' lang='grc' dir='ltr'><strong><em>Πάν</em></strong></span> <span class='ocrx_word' id='word_1_60' title='bbox 473 1626 587 1716; x_wconf 85' lang='grc' dir='ltr'><strong><em>αύτού,</em></strong></span> <span class='ocrx_word' id='word_1_61' title='bbox 612 1639 702 1720; x_wconf 86' lang='grc' dir='ltr'><strong><em>φησί,</em></strong></span> <span class='ocrx_word' id='word_1_62' title='bbox 725 1637 841 1714; x_wconf 93' lang='grc' dir='ltr'><strong><em>βέλος</em></strong></span> <span class='ocrx_word' id='word_1_63' title='bbox 862 1633 1006 1703; x_wconf 87' lang='grc' dir='ltr'><strong><em>ἐκένωσε</em></strong></span> <span class='ocrx_word' id='word_1_64' title='bbox 1021 1626 1096 1702; x_wconf 79' lang='grc' dir='ltr'><strong><em>κατ’</em></strong></span> <span class='ocrx_word' id='word_1_65' title='bbox 1112 1633 1202 1719; x_wconf 86' lang='grc' dir='ltr'><strong><em>ἐμοῦ,</em></strong></span> <span class='ocrx_word' id='word_1_66' title='bbox 1219 1627 1284 1720; x_wconf 88' lang='grc' dir='ltr'><strong><em>τήν</em></strong></span> <span class='ocrx_word' id='word_1_67' title='bbox 1299 1628 1382 1720; x_wconf 87' lang='grc' dir='ltr'><strong><em>ἐμήν</em></strong></span> <span class='ocrx_word' id='word_1_68' title='bbox 1397 1630 1599 1717; x_wconf 90' lang='grc' dir='ltr'><strong><em>τιτρῶσκων</em></strong></span> 
     </span>
     <span class='ocr_line' id='line_1_10' title="bbox 292 1726 1355 1820; baseline 0 -20"><span class='ocrx_word' id='word_1_69' title='bbox 292 1734 476 1820; x_wconf 78' lang='grc' dir='ltr'><strong><em>ἐπιθυμίαν</em></strong></span> <span class='ocrx_word' id='word_1_70' title='bbox 496 1737 552 1801; x_wconf 89' lang='grc' dir='ltr'><strong><em>καὶ</em></strong></span> <span class='ocrx_word' id='word_1_71' title='bbox 573 1729 618 1820; x_wconf 88' lang='grc' dir='ltr'><strong><em>μή</em></strong></span> <span class='ocrx_word' id='word_1_72' title='bbox 640 1737 827 1818; x_wconf 80' lang='grc' dir='ltr'><strong><em>συγχωρῶν</em></strong></span> <span class='ocrx_word' id='word_1_73' title='bbox 847 1758 904 1820; x_wconf 93' lang='grc' dir='ltr'><strong><em>μοι</em></strong></span> <span class='ocrx_word' id='word_1_74' title='bbox 925 1726 1092 1819; x_wconf 88' lang='grc' dir='ltr'><strong><em>πράττειν</em></strong></span> <span class='ocrx_word' id='word_1_75' title='bbox 1113 1727 1162 1812; x_wconf 88' lang='grc' dir='ltr'><strong><em>ῶς</em></strong></span> <span class='ocrx_word' id='word_1_76' title='bbox 1183 1728 1355 1820; x_wconf 91' lang='grc' dir='ltr'><strong><em>βούλομαι.</em></strong></span> 
     </span>
    </p>
   </div>
   <div class='ocr_carea' id='block_1_6' title="bbox 242 1981 1300 2068">
    <p class='ocr_par' dir='ltr' id='par_1_7' title="bbox 242 1981 1300 2068">
     <span class='ocr_line' id='line_1_11' title="bbox 242 1981 1300 2068; baseline 0 -22"><span class='ocrx_word' id='word_1_77' title='bbox 242 1992 275 2046; x_wconf 84' lang='grc'><strong><em>10</em></strong></span> <span class='ocrx_word' id='word_1_78' title='bbox 593 1982 651 2051; x_wconf 88' lang='lat' dir='ltr'><strong><em>Nr.</em></strong></span> <span class='ocrx_word' id='word_1_79' title='bbox 671 1982 814 2050; x_wconf 85' lang='lat' dir='ltr'>LXXIII.</span> <span class='ocrx_word' id='word_1_80' title='bbox 856 1981 1300 2068; x_wconf 77' lang='lat' dir='ltr'>Klagel.Jerem.3,13-15.</span> 
     </span>
    </p>
   </div>
   <div class='ocr_carea' id='block_1_7' title="bbox 240 2140 1682 2831">
    <p class='ocr_par' dir='ltr' id='par_1_8' title="bbox 240 2140 1682 2831">
     <span class='ocr_line' id='line_1_12' title="bbox 376 2140 1678 2236; baseline -0.001 -24"><span class='ocrx_word' id='word_1_81' title='bbox 376 2151 531 2235; x_wconf 83' lang='grc' dir='ltr'><strong><em>Νεφροὶ</em></strong></span> <span class='ocrx_word' id='word_1_82' title='bbox 554 2149 588 2217; x_wconf 82' lang='grc' dir='ltr'><strong><em>δὲ</em></strong></span> <span class='ocrx_word' id='word_1_83' title='bbox 611 2151 647 2216; x_wconf 87' lang='grc' dir='ltr'><strong><em>έν</em></strong></span> <span class='ocrx_word' id='word_1_84' title='bbox 669 2153 712 2236; x_wconf 79' lang='grc' dir='ltr'><strong><em>τῇ</em></strong></span> <span class='ocrx_word' id='word_1_85' title='bbox 734 2153 847 2234; x_wconf 82' lang='grc' dir='ltr'><strong><em>γραφή</em></strong></span> <span class='ocrx_word' id='word_1_86' title='bbox 869 2143 910 2216; x_wconf 87' lang='grc' dir='ltr'><strong><em>τὸ</em></strong></span> <span class='ocrx_word' id='word_1_87' title='bbox 930 2140 1187 2234; x_wconf 84' lang='grc' dir='ltr'><strong><em>ἐπιθυμητικόν,</em></strong></span> <span class='ocrx_word' id='word_1_88' title='bbox 1204 2149 1215 2234; x_wconf 87' lang='grc' dir='ltr'><strong><em>ΙΙ</em></strong></span> <span class='ocrx_word' id='word_1_89' title='bbox 1230 2150 1286 2217; x_wconf 70' lang='lat' dir='ltr'><strong><em>toz</em></strong></span> <span class='ocrx_word' id='word_1_90' title='bbox 1308 2151 1343 2216; x_wconf 78' lang='grc' dir='ltr'><strong><em>δὲ</em></strong></span> <span class='ocrx_word' id='word_1_91' title='bbox 1359 2145 1505 2234; x_wconf 86' lang='grc' dir='ltr'><strong><em>τὰβέλη.</em></strong></span> <span class='ocrx_word' id='word_1_92' title='bbox 1540 2153 1598 2217; x_wconf 90' lang='grc' dir='ltr'><strong><em>καί</em></strong></span> <span class='ocrx_word' id='word_1_93' title='bbox 1621 2157 1678 2211; x_wconf 77' lang='grc'><strong><em>342</em></strong></span> 
     </span>
     <span class='ocr_line' id='line_1_13' title="bbox 290 2241 1598 2335; baseline 0.002 -23"><span class='ocrx_word' id='word_1_94' title='bbox 290 2269 330 2331; x_wconf 93' lang='grc' dir='ltr'><strong><em>με</em></strong></span> <span class='ocrx_word' id='word_1_95' title='bbox 356 2242 483 2316; x_wconf 84' lang='grc' dir='ltr'><strong><em>λοιπὸν</em></strong></span> <span class='ocrx_word' id='word_1_96' title='bbox 510 2241 558 2328; x_wconf 86' lang='grc' dir='ltr'><strong><em>ῶς</em></strong></span> <span class='ocrx_word' id='word_1_97' title='bbox 583 2243 736 2334; x_wconf 80' lang='grc' dir='ltr'><strong><em>ψεύστην</em></strong></span> <span class='ocrx_word' id='word_1_98' title='bbox 763 2251 917 2335; x_wconf 80' lang='grc' dir='ltr'><strong><em>διέσυρον</em></strong></span> <span class='ocrx_word' id='word_1_99' title='bbox 943 2241 1038 2334; x_wconf 73' lang='grc' dir='ltr'><strong><em>ᾠδήν</em></strong></span> <span class='ocrx_word' id='word_1_100' title='bbox 1064 2273 1103 2334; x_wconf 91' lang='grc' dir='ltr'><strong><em>με</em></strong></span> <span class='ocrx_word' id='word_1_101' title='bbox 1129 2242 1342 2334; x_wconf 83' lang='grc' dir='ltr'><strong><em>ποιήσαντες.</em></strong></span> <span class='ocrx_word' id='word_1_102' title='bbox 1384 2250 1441 2317; x_wconf 83' lang='grc' dir='ltr'><strong><em>καὶ</em></strong></span> <span class='ocrx_word' id='word_1_103' title='bbox 1463 2242 1598 2334; x_wconf 77' lang='grc' dir='ltr'><strong><em>φθάσας</em></strong></span> 
     </span>
     <span class='ocr_line' id='line_1_14' title="bbox 292 2337 1599 2436; baseline 0.002 -23"><span class='ocrx_word' id='word_1_104' title='bbox 292 2349 328 2413; x_wconf 76' lang='grc' dir='ltr'><strong><em>δὲ</em></strong></span> <span class='ocrx_word' id='word_1_105' title='bbox 358 2345 463 2433; x_wconf 86' lang='grc' dir='ltr'><strong><em>ελεγε·</em></strong></span> <span class='ocrx_word' id='word_1_106' title='bbox 495 2345 601 2416; x_wconf 78' lang='grc' dir='ltr'><strong><em>»κατὰ</em></strong></span> <span class='ocrx_word' id='word_1_107' title='bbox 629 2341 735 2436; x_wconf 88' lang='grc' dir='ltr'><strong><em>μόνας</em></strong></span> <span class='ocrx_word' id='word_1_108' title='bbox 764 2337 998 2435; x_wconf 78' lang='grc' dir='ltr'><strong><em>ἐκαθήμην,</em></strong></span> <span class='ocrx_word' id='word_1_109' title='bbox 979 2373 1033 2415; x_wconf 89' lang='grc' dir='ltr'><strong><em>οτι</em></strong></span> <span class='ocrx_word' id='word_1_110' title='bbox 1061 2349 1197 2434; x_wconf 78' lang='grc' dir='ltr'><strong><em>πικρίας</em></strong></span> <span class='ocrx_word' id='word_1_111' title='bbox 1218 2340 1453 2434; x_wconf 75' lang='grc' dir='ltr'><strong><em>ἐνεπλήσθηνι</em></strong></span> <span class='ocrx_word' id='word_1_112' title='bbox 1478 2352 1534 2417; x_wconf 85' lang='grc' dir='ltr'><strong><em>καί</em></strong></span> <span class='ocrx_word' id='word_1_113' title='bbox 1555 2345 1599 2416; x_wconf 78' lang='grc' dir='ltr'><strong><em>τὰ</em></strong></span> 
     </span>
     <span class='ocr_line' id='line_1_15' title="bbox 293 2439 1682 2535; baseline 0.001 -21.023"><span class='ocrx_word' id='word_1_114' title='bbox 293 2442 381 2531; x_wconf 75' lang='grc' dir='ltr'><strong><em>ἑξῆς·</em></strong></span> <span class='ocrx_word' id='word_1_115' title='bbox 410 2439 430 2514; x_wconf 82' lang='grc' dir='ltr'><strong><em>δ</em></strong></span> <span class='ocrx_word' id='word_1_116' title='bbox 460 2471 521 2533; x_wconf 91' lang='grc' dir='ltr'><strong><em>μεν</em></strong></span> <span class='ocrx_word' id='word_1_117' title='bbox 551 2444 613 2534; x_wconf 87' lang='grc' dir='ltr'><strong><em>γὰρ</em></strong></span> <span class='ocrx_word' id='word_1_118' title='bbox 641 2449 749 2517; x_wconf 81' lang='grc' dir='ltr'><strong><em>ἐδεῖτο</em></strong></span> <span class='ocrx_word' id='word_1_119' title='bbox 775 2441 859 2535; x_wconf 80' lang='grc' dir='ltr'><strong><em>ύπέρ</em></strong></span> <span class='ocrx_word' id='word_1_120' title='bbox 882 2440 1013 2527; x_wconf 88' lang='grc' dir='ltr'><strong><em>αύτῶν,</em></strong></span> <span class='ocrx_word' id='word_1_121' title='bbox 1046 2447 1078 2516; x_wconf 89' lang='grc' dir='ltr'><strong><em>οί</em></strong></span> <span class='ocrx_word' id='word_1_122' title='bbox 1101 2451 1136 2514; x_wconf 81' lang='grc' dir='ltr'><strong><em>δὲ</em></strong></span> <span class='ocrx_word' id='word_1_123' title='bbox 1158 2442 1398 2530; x_wconf 85' lang='grc' dir='ltr'><strong><em>ἐπεβούλευον,</em></strong></span> <span class='ocrx_word' id='word_1_124' title='bbox 1430 2451 1485 2516; x_wconf 86' lang='grc' dir='ltr'><strong><em>καὶ</em></strong></span> <span class='ocrx_word' id='word_1_125' title='bbox 1508 2473 1601 2534; x_wconf 86' lang='grc' dir='ltr'><strong><em>ομως</em></strong></span> <span class='ocrx_word' id='word_1_126' title='bbox 1671 2515 1682 2528; x_wconf 80' lang='grc'><strong><em>,</em></strong></span> 
     </span>
     <span class='ocr_line' id='line_1_16' title="bbox 240 2536 1599 2635; baseline 0.003 -24"><span class='ocrx_word' id='word_1_127' title='bbox 240 2559 273 2612; x_wconf 81' lang='lat'><strong><em>15</em></strong></span> <span class='ocrx_word' id='word_1_128' title='bbox 292 2541 357 2631; x_wconf 87' lang='grc' dir='ltr'><strong><em>τήν</em></strong></span> <span class='ocrx_word' id='word_1_129' title='bbox 388 2548 564 2616; x_wconf 81' lang='grc' dir='ltr'><strong><em>διακονίαν</em></strong></span> <span class='ocrx_word' id='word_1_130' title='bbox 595 2540 656 2616; x_wconf 88' lang='grc' dir='ltr'><strong><em>ούκ</em></strong></span> <span class='ocrx_word' id='word_1_131' title='bbox 683 2536 725 2634; x_wconf 82' lang='grc' dir='ltr'><strong><em>ἦν</em></strong></span> <span class='ocrx_word' id='word_1_132' title='bbox 752 2540 1036 2635; x_wconf 88' lang='grc' dir='ltr'><strong><em>παραιτήσασθαι.</em></strong></span> <span class='ocrx_word' id='word_1_133' title='bbox 1079 2547 1292 2630; x_wconf 87' lang='grc' dir='ltr'><strong><em>ἐπικραίνετο</em></strong></span> <span class='ocrx_word' id='word_1_134' title='bbox 1320 2553 1440 2614; x_wconf 92' lang='grc' dir='ltr'><strong><em>τοίνυν</em></strong></span> <span class='ocrx_word' id='word_1_135' title='bbox 1460 2551 1516 2615; x_wconf 85' lang='grc' dir='ltr'><strong><em>καὶ</em></strong></span> <span class='ocrx_word' id='word_1_136' title='bbox 1537 2542 1599 2616; x_wconf 90' lang='grc' dir='ltr'><strong><em>πά-</em></strong></span> 
     </span>
     <span class='ocr_line' id='line_1_17' title="bbox 291 2637 1598 2732; baseline 0.003 -22"><span class='ocrx_word' id='word_1_137' title='bbox 291 2667 384 2729; x_wconf 89' lang='grc' dir='ltr'><strong><em>σχων</em></strong></span> <span class='ocrx_word' id='word_1_138' title='bbox 418 2637 474 2713; x_wconf 76' lang='grc' dir='ltr'><strong><em>ύπ’</em></strong></span> <span class='ocrx_word' id='word_1_139' title='bbox 505 2639 622 2714; x_wconf 88' lang='grc' dir='ltr'><strong><em>αύτῶν</em></strong></span> <span class='ocrx_word' id='word_1_140' title='bbox 657 2649 746 2732; x_wconf 89' lang='grc' dir='ltr'><strong><em>&lt;και&gt;</em></strong></span> <span class='ocrx_word' id='word_1_141' title='bbox 778 2641 939 2732; x_wconf 86' lang='grc' dir='ltr'><strong><em>πάσχουσι</em></strong></span> <span class='ocrx_word' id='word_1_142' title='bbox 973 2648 1153 2732; x_wconf 78' lang='grc' dir='ltr'><strong><em>συναλγῶν</em></strong></span> <span class='ocrx_word' id='word_1_143' title='bbox 1182 2649 1239 2714; x_wconf 85' lang='grc' dir='ltr'><strong><em>καὶ</em></strong></span> <span class='ocrx_word' id='word_1_144' title='bbox 1270 2638 1446 2726; x_wconf 75' lang='grc' dir='ltr'><strong><em>ἀσεβοῦσιν</em></strong></span> <span class='ocrx_word' id='word_1_145' title='bbox 1476 2639 1598 2732; x_wconf 86' lang='grc' dir='ltr'><strong><em>ύπερα-</em></strong></span> 
     </span>
     <span class='ocr_line' id='line_1_18' title="bbox 291 2737 469 2831; baseline -0.017 -20"><span class='ocrx_word' id='word_1_146' title='bbox 291 2737 469 2831; x_wconf 87' lang='grc' dir='ltr'><strong><em>γθύμενος.</em></strong></span> 
     </span>
    </p>
   </div>
   <div class='ocr_carea' id='block_1_8' title="bbox 592 2927 1297 3013">
    <p class='ocr_par' dir='ltr' id='par_1_9' title="bbox 592 2927 1297 3013">
     <span class='ocr_line' id='line_1_19' title="bbox 592 2927 1297 3013; baseline 0 -19"><span class='ocrx_word' id='word_1_147' title='bbox 592 2928 649 2996; x_wconf 87' lang='lat' dir='ltr'><strong><em>Nr.</em></strong></span> <span class='ocrx_word' id='word_1_148' title='bbox 670 2927 812 2996; x_wconf 86' lang='lat' dir='ltr'>LXXIV.</span> <span class='ocrx_word' id='word_1_149' title='bbox 854 2929 977 3013; x_wconf 79' lang='lat' dir='ltr'>Klagel.</span> <span class='ocrx_word' id='word_1_150' title='bbox 991 2929 1012 2993; x_wconf 88' lang='lat' dir='ltr'><strong>J</strong></span> <span class='ocrx_word' id='word_1_151' title='bbox 1015 2953 1106 2994; x_wconf 80' lang='lat' dir='ltr'>erem.</span> <span class='ocrx_word' id='word_1_152' title='bbox 1122 2936 1149 3007; x_wconf 88' lang='lat'><strong><em>3,</em></strong></span> <span class='ocrx_word' id='word_1_153' title='bbox 1167 2935 1297 2997; x_wconf 80' lang='lat'>16-18,</span> 
     </span>
    </p>
   </div>
   <div class='ocr_carea' id='block_1_9' title="bbox 240 3085 1601 3876">
    <p class='ocr_par' dir='ltr' id='par_1_10' title="bbox 240 3085 1601 3876">
     <span class='ocr_line' id='line_1_20' title="bbox 381 3085 1600 3184; baseline 0.001 -23"><span class='ocrx_word' id='word_1_154' title='bbox 381 3090 504 3183; x_wconf 80' lang='grc' dir='ltr'><strong><em>Ψήφῳ</em></strong></span> <span class='ocrx_word' id='word_1_155' title='bbox 528 3100 630 3182; x_wconf 84' lang='grc' dir='ltr'><strong><em>φησὶν</em></strong></span> <span class='ocrx_word' id='word_1_156' title='bbox 651 3089 673 3182; x_wconf 83' lang='grc' dir='ltr'><em>ἢ</em></span> <span class='ocrx_word' id='word_1_157' title='bbox 697 3091 841 3184; x_wconf 76' lang='grc' dir='ltr'><strong><em>ἀριθμῶ,</em></strong></span> <span class='ocrx_word' id='word_1_158' title='bbox 866 3087 945 3164; x_wconf 78' lang='grc' dir='ltr'><strong><em>καθ’</em></strong></span> <span class='ocrx_word' id='word_1_159' title='bbox 963 3092 1107 3163; x_wconf 66' lang='grc' dir='ltr'><strong><em>ἕκαστον</em></strong></span> <span class='ocrx_word' id='word_1_160' title='bbox 1130 3085 1279 3164; x_wconf 82' lang='grc' dir='ltr'><strong><em>ὀδόντα</em></strong></span> <span class='ocrx_word' id='word_1_161' title='bbox 1300 3097 1488 3181; x_wconf 75' lang='grc' dir='ltr'><strong><em>καιομένου</em></strong></span> <span class='ocrx_word' id='word_1_162' title='bbox 1511 3092 1600 3164; x_wconf 84' lang='grc' dir='ltr'><strong><em>κατὰ</em></strong></span> 
     </span>
     <span class='ocr_line' id='line_1_21' title="bbox 240 3188 1599 3283; baseline -0.004 -16"><span class='ocrx_word' id='word_1_163' title='bbox 240 3211 274 3267; x_wconf 87' lang='grc'><strong><em>20</em></strong></span> <span class='ocrx_word' id='word_1_164' title='bbox 291 3199 352 3282; x_wconf 89' lang='grc' dir='ltr'><strong><em>τής</em></strong></span> <span class='ocrx_word' id='word_1_165' title='bbox 379 3191 551 3282; x_wconf 86' lang='grc' dir='ltr'><strong><em>σιαγόνος,</em></strong></span> <span class='ocrx_word' id='word_1_166' title='bbox 579 3188 601 3281; x_wconf 82' lang='grc' dir='ltr'><strong><em>ή</em></strong></span> <span class='ocrx_word' id='word_1_167' title='bbox 629 3201 719 3282; x_wconf 87' lang='grc' dir='ltr'><strong><em>λίθῳ</em></strong></span> <span class='ocrx_word' id='word_1_168' title='bbox 748 3199 890 3283; x_wconf 82' lang='grc' dir='ltr'><strong><em>σκληρῷ.</em></strong></span> <span class='ocrx_word' id='word_1_169' title='bbox 933 3191 1099 3262; x_wconf 83' lang='grc' dir='ltr'><strong><em>καὶκατὰ</em></strong></span> <span class='ocrx_word' id='word_1_170' title='bbox 1118 3188 1182 3262; x_wconf 84' lang='grc' dir='ltr'><strong><em>τὸν</em></strong></span> <span class='ocrx_word' id='word_1_171' title='bbox 1204 3197 1308 3275; x_wconf 86' lang='grc' dir='ltr'><strong><em>Δαβίδ</em></strong></span> <span class='ocrx_word' id='word_1_172' title='bbox 1327 3197 1366 3262; x_wconf 88' lang='grc' dir='ltr'><strong><em>δέ</em></strong></span> <span class='ocrx_word' id='word_1_173' title='bbox 1385 3213 1478 3280; x_wconf 86' lang='grc' dir='ltr'><strong><em>φησι·</em></strong></span> <span class='ocrx_word' id='word_1_174' title='bbox 1503 3191 1599 3280; x_wconf 73' lang='grc' dir='ltr'><strong><em>»μετὰ</em></strong></span> 
     </span>
     <span class='ocr_line' id='line_1_22' title="bbox 292 3287 1600 3412; baseline -0.002 -51"><span class='ocrx_word' id='word_1_175' title='bbox 292 3291 465 3364; x_wconf 78' lang='grc' dir='ltr'><strong><em>σποδοῦ”</em></strong></span> <span class='ocrx_word' id='word_1_176' title='bbox 445 3320 554 3381; x_wconf 89' lang='grc' dir='ltr'><strong><em>αρτον</em></strong></span> <span class='ocrx_word' id='word_1_177' title='bbox 574 3320 640 3381; x_wconf 93' lang='grc' dir='ltr'><strong><em>μου</em></strong></span> <span class='ocrx_word' id='word_1_178' title='bbox 660 3287 807 3380; x_wconf 69' lang='grc' dir='ltr'><strong><em>ήσθιοικ,</em></strong></span> <span class='ocrx_word' id='word_1_179' title='bbox 829 3323 870 3394; x_wconf 82' lang='grc' dir='ltr'><strong><em>το</em></strong></span> <span class='ocrx_word' id='word_1_180' title='bbox 857 3289 1018 3380; x_wconf 44' lang='grc' dir='ltr'><strong><em>ἣνμηδὲ</em></strong></span> <span class='ocrx_word' id='word_1_181' title='bbox 998 3319 1106 3379; x_wconf 90' lang='grc' dir='ltr'><strong><em>αρτον</em></strong></span> <span class='ocrx_word' id='word_1_182' title='bbox 1128 3291 1189 3362; x_wconf 91' lang='grc' dir='ltr'><strong><em>σύν</em></strong></span> <span class='ocrx_word' id='word_1_183' title='bbox 1211 3287 1319 3380; x_wconf 82' lang='grc' dir='ltr'><strong><em>ήδσνῇ</em></strong></span> <span class='ocrx_word' id='word_1_184' title='bbox 1341 3287 1535 3412; x_wconf 87' lang='grc' dir='ltr'><strong><em>λαμβάνειν</em></strong></span> <span class='ocrx_word' id='word_1_185' title='bbox 1545 3297 1600 3378; x_wconf 87' lang='grc' dir='ltr'><strong><em>δη-</em></strong></span> 
     </span>
     <span class='ocr_line' id='line_1_23' title="bbox 292 3384 1601 3481; baseline -0.002 -19"><span class='ocrx_word' id='word_1_186' title='bbox 292 3397 365 3462; x_wconf 89' lang='grc' dir='ltr'><strong><em>λῶν</em></strong></span> <span class='ocrx_word' id='word_1_187' title='bbox 387 3387 455 3462; x_wconf 86' lang='grc' dir='ltr'><strong><em>ύπό</em></strong></span> <span class='ocrx_word' id='word_1_188' title='bbox 477 3399 641 3478; x_wconf 83' lang='grc' dir='ltr'><strong><em>θλίψεως.</em></strong></span> <span class='ocrx_word' id='word_1_189' title='bbox 678 3388 740 3463; x_wconf 88' lang='grc' dir='ltr'><strong><em>ούκ</em></strong></span> <span class='ocrx_word' id='word_1_190' title='bbox 761 3385 804 3481; x_wconf 87' lang='grc' dir='ltr'><strong><em>ήν</em></strong></span> <span class='ocrx_word' id='word_1_191' title='bbox 828 3384 890 3464; x_wconf 83' lang='grc' dir='ltr'><strong><em>οὖν</em></strong></span> <span class='ocrx_word' id='word_1_192' title='bbox 913 3389 1058 3462; x_wconf 90' lang='grc' dir='ltr'><strong><em>είναι</em></strong></span> <span class='ocrx_word' id='word_1_193' title='bbox 1020 3419 1085 3480; x_wconf 87' lang='grc' dir='ltr'><strong><em>την</em></strong></span> <span class='ocrx_word' id='word_1_194' title='bbox 1107 3389 1236 3480; x_wconf 80' lang='grc' dir='ltr'><strong><em>ψυχήν</em></strong></span> <span class='ocrx_word' id='word_1_195' title='bbox 1258 3394 1295 3462; x_wconf 84' lang='grc' dir='ltr'><strong><em>ἐν</em></strong></span> <span class='ocrx_word' id='word_1_196' title='bbox 1317 3387 1469 3480; x_wconf 84' lang='grc' dir='ltr'><strong><em>εἰρήνη,</em></strong></span> <span class='ocrx_word' id='word_1_197' title='bbox 1491 3385 1601 3478; x_wconf 84' lang='grc' dir='ltr'><strong><em>αύτήν</em></strong></span> 
     </span>
     <span class='ocr_line' id='line_1_24' title="bbox 292 3469 1600 3580; baseline 0 -20"><span class='ocrx_word' id='word_1_198' title='bbox 292 3469 552 3579; x_wconf 82' lang='grc' dir='ltr'><strong><em>ταραττομένην</em></strong></span> <span class='ocrx_word' id='word_1_199' title='bbox 566 3497 620 3560; x_wconf 84' lang='grc' dir='ltr'><strong><em>καί</em></strong></span> <span class='ocrx_word' id='word_1_200' title='bbox 636 3497 777 3579; x_wconf 85' lang='grc' dir='ltr'><strong><em>προσέτι</em></strong></span> <span class='ocrx_word' id='word_1_201' title='bbox 793 3497 987 3576; x_wconf 84' lang='grc' dir='ltr'><strong><em>βλέπουσαν</em></strong></span> <span class='ocrx_word' id='word_1_202' title='bbox 1001 3491 1133 3576; x_wconf 77' lang='grc' dir='ltr'><strong><em>ἔξωθεν</em></strong></span> <span class='ocrx_word' id='word_1_203' title='bbox 1149 3487 1325 3580; x_wconf 85' lang='grc' dir='ltr'><strong><em>θορύβους,</em></strong></span> <span class='ocrx_word' id='word_1_204' title='bbox 1339 3491 1471 3560; x_wconf 84' lang='grc' dir='ltr'><strong><em>ἐσωθεν</em></strong></span> <span class='ocrx_word' id='word_1_205' title='bbox 1485 3486 1600 3578; x_wconf 83' lang='grc' dir='ltr'><strong><em>μάχας.</em></strong></span> 
     </span>
     <span class='ocr_line' id='line_1_25' title="bbox 292 3585 1600 3678; baseline 0.001 -21"><span class='ocrx_word' id='word_1_206' title='bbox 292 3586 344 3658; x_wconf 88' lang='grc' dir='ltr'><strong><em>διὸ</em></strong></span> <span class='ocrx_word' id='word_1_207' title='bbox 367 3593 469 3678; x_wconf 81' lang='grc' dir='ltr'><strong><em>μηδὲν</em></strong></span> <span class='ocrx_word' id='word_1_208' title='bbox 491 3593 656 3672; x_wconf 81' lang='grc' dir='ltr'><strong><em>ἐλπίσας</em></strong></span> <span class='ocrx_word' id='word_1_209' title='bbox 676 3585 834 3678; x_wconf 89' lang='grc' dir='ltr'><strong><em>χρηστόν,</em></strong></span> <span class='ocrx_word' id='word_1_210' title='bbox 862 3589 922 3672; x_wconf 85' lang='grc' dir='ltr'><strong><em>τὰς</em></strong></span> <span class='ocrx_word' id='word_1_211' title='bbox 943 3585 1016 3675; x_wconf 82' lang='grc' dir='ltr'><strong><em>Ἰῶβ</em></strong></span> <span class='ocrx_word' id='word_1_212' title='bbox 1041 3585 1157 3678; x_wconf 84' lang='grc' dir='ltr'><strong><em>άφήκα</em></strong></span> <span class='ocrx_word' id='word_1_213' title='bbox 1185 3587 1316 3676; x_wconf 84' lang='grc' dir='ltr'><strong><em>φωνάς·</em></strong></span> <span class='ocrx_word' id='word_1_214' title='bbox 1349 3585 1537 3661; x_wconf 78' lang='grc' dir='ltr'><strong><em>»άπείποτύ</em></strong></span> <span class='ocrx_word' id='word_1_215' title='bbox 1559 3617 1600 3677; x_wconf 86' lang='grc' dir='ltr'><strong><em>με</em></strong></span> 
     </span>
     <span class='ocr_line' id='line_1_26' title="bbox 240 3680 1599 3779; baseline -0.001 -20"><span class='ocrx_word' id='word_1_216' title='bbox 240 3689 399 3771; x_wconf 77' lang='grc' dir='ltr'><strong><em>25ἔλεος,</em></strong></span> <span class='ocrx_word' id='word_1_217' title='bbox 436 3685 546 3758; x_wconf 53' lang='grc' dir='ltr'><strong><em>καὶ(</em></strong></span> <span class='ocrx_word' id='word_1_218' title='bbox 526 3719 546 3777; x_wconf 88' lang='grc' dir='ltr'><strong><em>η</em></strong></span> <span class='ocrx_word' id='word_1_219' title='bbox 582 3693 679 3772; x_wconf 87' lang='grc' dir='ltr'><strong><em>ἐλπίς</em></strong></span> <span class='ocrx_word' id='word_1_220' title='bbox 712 3717 779 3778; x_wconf 90' lang='grc' dir='ltr'><strong><em>μου</em></strong></span> <span class='ocrx_word' id='word_1_221' title='bbox 807 3688 901 3776; x_wconf 83' lang='grc' dir='ltr'><strong><em>παρὰ</em></strong></span> <span class='ocrx_word' id='word_1_222' title='bbox 930 3695 1078 3779; x_wconf 79' lang='grc' dir='ltr'><strong><em>κυρίουι</em></strong></span> <span class='ocrx_word' id='word_1_223' title='bbox 1130 3683 1171 3760; x_wconf 86' lang='grc' dir='ltr'><strong><em>ού</em></strong></span> <span class='ocrx_word' id='word_1_224' title='bbox 1201 3687 1263 3778; x_wconf 83' lang='grc' dir='ltr'><strong><em>γὰρ</em></strong></span> <span class='ocrx_word' id='word_1_225' title='bbox 1295 3680 1336 3778; x_wconf 86' lang='grc' dir='ltr'><strong><em>ήν</em></strong></span> <span class='ocrx_word' id='word_1_226' title='bbox 1367 3693 1525 3778; x_wconf 86' lang='grc' dir='ltr'><strong><em>νικήσαι</em></strong></span> <span class='ocrx_word' id='word_1_227' title='bbox 1555 3687 1599 3758; x_wconf 84' lang='grc' dir='ltr'><strong><em>τὰ</em></strong></span> 
     </span>
     <span class='ocr_line' id='line_1_27' title="bbox 290 3785 625 3876; baseline 0.009 -20"><span class='ocrx_word' id='word_1_228' title='bbox 290 3793 503 3876; x_wconf 86' lang='grc' dir='ltr'><strong><em>περιεστῶτα</em></strong></span> <span class='ocrx_word' id='word_1_229' title='bbox 524 3785 625 3859; x_wconf 89' lang='grc' dir='ltr'><strong><em>δεινά.</em></strong></span> 
     </span>
    </p>
   </div>
   <div class='ocr_carea' id='block_1_10' title="bbox 292 3989 1598 4146">
    <p class='ocr_par' dir='ltr' id='par_1_11' title="bbox 292 3989 1598 4146">
     <span class='ocr_line' id='line_1_28' title="bbox 376 3989 1598 4060; baseline -0.002 -14"><span class='ocrx_word' id='word_1_230' title='bbox 376 3990 512 4048; x_wconf 66' lang='lat' dir='ltr'><strong>Herem</strong></span> <span class='ocrx_word' id='word_1_231' title='bbox 529 3991 571 4059; x_wconf 82' lang='lat'><strong><em>20,</em></strong></span> <span class='ocrx_word' id='word_1_232' title='bbox 588 3992 613 4046; x_wconf 89' lang='grc'><strong><em>9.</em></strong></span> <span class='ocrx_word' id='word_1_233' title='bbox 639 4020 673 4031; x_wconf 90' lang='grc'>-</span> <span class='ocrx_word' id='word_1_234' title='bbox 697 3990 949 4055; x_wconf 78' lang='lat' dir='ltr'><strong>oJerem.15‚17.</strong></span> <span class='ocrx_word' id='word_1_235' title='bbox 972 4021 1004 4030; x_wconf 91' lang='grc'>-</span> <span class='ocrx_word' id='word_1_236' title='bbox 1030 3992 1068 4047; x_wconf 86' lang='grc'><strong><em>13</em></strong></span> <span class='ocrx_word' id='word_1_237' title='bbox 1085 3991 1184 4047; x_wconf 85' lang='lat' dir='ltr'><strong>Jerem.</strong></span> <span class='ocrx_word' id='word_1_238' title='bbox 1204 3993 1243 4053; x_wconf 81' lang='lat'><strong><em>15,</em></strong></span> <span class='ocrx_word' id='word_1_239' title='bbox 1262 3993 1303 4045; x_wconf 76' lang='lat'><strong><em>17.</em></strong></span> <span class='ocrx_word' id='word_1_240' title='bbox 1328 4021 1360 4029; x_wconf 98' lang='lat'>-</span> <span class='ocrx_word' id='word_1_241' title='bbox 1385 3991 1425 4046; x_wconf 75' lang='lat'><strong><em>20</em></strong></span> <span class='ocrx_word' id='word_1_242' title='bbox 1444 3990 1506 4060; x_wconf 84' lang='lat' dir='ltr'>Vgl.</span> <span class='ocrx_word' id='word_1_243' title='bbox 1523 3989 1598 4044; x_wconf 79' lang='lat' dir='ltr'>Psal.</span> 
     </span>
     <span class='ocr_line' id='line_1_29' title="bbox 292 4075 1108 4146; baseline 0.002 -18"><span class='ocrx_word' id='word_1_244' title='bbox 292 4075 349 4138; x_wconf 90' lang='lat'>101,</span> <span class='ocrx_word' id='word_1_245' title='bbox 370 4076 409 4128; x_wconf 84' lang='lat'><strong><em>10.</em></strong></span> <span class='ocrx_word' id='word_1_246' title='bbox 427 4103 460 4114; x_wconf 91' lang='lat'>-</span> <span class='ocrx_word' id='word_1_247' title='bbox 480 4075 519 4130; x_wconf 78' lang='grc'><strong><em>23</em></strong></span> <span class='ocrx_word' id='word_1_248' title='bbox 538 4075 600 4146; x_wconf 79' lang='lat' dir='ltr'>vgl.</span> <span class='ocrx_word' id='word_1_249' title='bbox 619 4077 644 4130; x_wconf 90' lang='lat'><strong><em>11</em></strong></span> <span class='ocrx_word' id='word_1_250' title='bbox 658 4077 721 4130; x_wconf 86' lang='lat' dir='ltr'>Kor.</span> <span class='ocrx_word' id='word_1_251' title='bbox 741 4081 765 4143; x_wconf 76' lang='lat'><strong><em>7,</em></strong></span> <span class='ocrx_word' id='word_1_252' title='bbox 782 4077 806 4132; x_wconf 83' lang='lat'><strong><em>5.</em></strong></span> <span class='ocrx_word' id='word_1_253' title='bbox 825 4107 858 4116; x_wconf 94' lang='lat'>-</span> <span class='ocrx_word' id='word_1_254' title='bbox 877 4076 916 4132; x_wconf 78' lang='lat'><strong><em>24</em></strong></span> <span class='ocrx_word' id='word_1_255' title='bbox 934 4075 1007 4132; x_wconf 87' lang='lat' dir='ltr'>Hiob</span> <span class='ocrx_word' id='word_1_256' title='bbox 1024 4081 1048 4144; x_wconf 89' lang='grc'><strong><em>6,</em></strong></span> <span class='ocrx_word' id='word_1_257' title='bbox 1068 4079 1108 4131; x_wconf 93' lang='grc'><strong><em>14.</em></strong></span> 
     </span>
    </p>
   </div>
   <div class='ocr_carea' id='block_1_11' title="bbox 289 4257 1597 4424">
    <p class='ocr_par' dir='ltr' id='par_1_12' title="bbox 289 4257 1597 4424">
     <span class='ocr_line' id='line_1_30' title="bbox 376 4257 1597 4332; baseline 0 -18"><span class='ocrx_word' id='word_1_258' title='bbox 376 4257 394 4314; x_wconf 78' lang='lat'>2</span> <span class='ocrx_word' id='word_1_259' title='bbox 424 4257 622 4332; x_wconf 83' lang='grc' dir='ltr'><strong><em>συνεχώρησας</em></strong></span> <span class='ocrx_word' id='word_1_260' title='bbox 644 4277 660 4314; x_wconf 88' lang='grc' dir='ltr'><strong><em>ο</em></strong></span> <span class='ocrx_word' id='word_1_261' title='bbox 685 4263 689 4330; x_wconf 84' lang='grc'><strong><em>1</em></strong></span> <span class='ocrx_word' id='word_1_262' title='bbox 716 4259 904 4330; x_wconf 79' lang='grc' dir='ltr'><strong><em>ουνηλαίνετο</em></strong></span> <span class='ocrx_word' id='word_1_263' title='bbox 928 4265 956 4314; x_wconf 76' lang='lat'><strong><em>0¹</em></strong></span> <span class='ocrx_word' id='word_1_264' title='bbox 980 4257 1165 4316; x_wconf 81' lang='grc' dir='ltr'><strong><em>συνελαύνετο</em></strong></span> <span class='ocrx_word' id='word_1_265' title='bbox 1190 4261 1219 4313; x_wconf 79' lang='grc' dir='ltr'><strong><em>ο*</em></strong></span> <span class='ocrx_word' id='word_1_266' title='bbox 1245 4261 1287 4326; x_wconf 81' lang='lat' dir='ltr'><strong><em>(w.</em></strong></span> <span class='ocrx_word' id='word_1_267' title='bbox 1305 4277 1327 4316; x_wconf 85' lang='lat' dir='ltr'><strong><em>e.</em></strong></span> <span class='ocrx_word' id='word_1_268' title='bbox 1345 4261 1411 4330; x_wconf 79' lang='lat' dir='ltr'>seh.)</span> <span class='ocrx_word' id='word_1_269' title='bbox 1434 4277 1450 4316; x_wconf 92' lang='grc' dir='ltr'><strong><em>ο</em></strong></span> <span class='ocrx_word' id='word_1_270' title='bbox 1477 4262 1482 4328; x_wconf 84' lang='grc' dir='ltr'>Ι</span> <span class='ocrx_word' id='word_1_271' title='bbox 1507 4259 1524 4316; x_wconf 86' lang='grc'>8</span> <span class='ocrx_word' id='word_1_272' title='bbox 1552 4258 1597 4332; x_wconf 79' lang='grc' dir='ltr'><strong><em>βέ-</em></strong></span> 
     </span>
     <span class='ocr_line' id='line_1_31' title="bbox 289 4335 1597 4424; baseline 0.002 -28"><span class='ocrx_word' id='word_1_273' title='bbox 289 4345 346 4408; x_wconf 81' lang='grc' dir='ltr'><strong><em>λος,</em></strong></span> <span class='ocrx_word' id='word_1_274' title='bbox 365 4344 466 4424; x_wconf 80' lang='grc' dir='ltr'><strong><em>φησίο</em></strong></span> <span class='ocrx_word' id='word_1_275' title='bbox 493 4347 498 4412; x_wconf 86' lang='grc' dir='ltr'>Ι</span> <span class='ocrx_word' id='word_1_276' title='bbox 527 4346 562 4400; x_wconf 92' lang='grc'><strong><em>11</em></strong></span> <span class='ocrx_word' id='word_1_277' title='bbox 583 4343 714 4414; x_wconf 69' lang='grc' dir='ltr'><strong><em>δί1]&lt;ο</em></strong></span> <span class='ocrx_word' id='word_1_278' title='bbox 739 4347 746 4415; x_wconf 66' lang='lat' dir='ltr'><strong><em>&#39;l</em></strong></span> <span class='ocrx_word' id='word_1_279' title='bbox 773 4346 811 4401; x_wconf 77' lang='grc'><strong><em>16</em></strong></span> <span class='ocrx_word' id='word_1_280' title='bbox 836 4335 892 4414; x_wconf 76' lang='grc' dir='ltr'><strong><em>ὑπ’]</em></strong></span> <span class='ocrx_word' id='word_1_281' title='bbox 918 4340 988 4416; x_wconf 75' lang='grc' dir='ltr'><strong><em>ὑπὲρ</em></strong></span> <span class='ocrx_word' id='word_1_282' title='bbox 1012 4362 1027 4398; x_wconf 88' lang='grc' dir='ltr'><strong><em>ο</em></strong></span> <span class='ocrx_word' id='word_1_283' title='bbox 1050 4345 1053 4412; x_wconf 72' lang='grc' dir='ltr'><strong><em>ί</em></strong></span> <span class='ocrx_word' id='word_1_284' title='bbox 1078 4341 1292 4416; x_wconf 77' lang='grc' dir='ltr'><strong><em>ἀσεβούντωνο</em></strong></span> <span class='ocrx_word' id='word_1_285' title='bbox 1316 4347 1320 4414; x_wconf 93' lang='grc' dir='ltr'>Ι</span> <span class='ocrx_word' id='word_1_286' title='bbox 1346 4346 1383 4400; x_wconf 73' lang='lat'><strong><em>20</em></strong></span> <span class='ocrx_word' id='word_1_287' title='bbox 1406 4347 1517 4418; x_wconf 81' lang='grc' dir='ltr'><strong><em>σκληρῷ</em></strong></span> <span class='ocrx_word' id='word_1_288' title='bbox 1538 4343 1597 4413; x_wconf 86' lang='grc' dir='ltr'><strong><em>καὶ]</em></strong></span> 
     </span>
    </p>
   </div>
   <div class='ocr_carea' id='block_1_12' title="bbox 289 4448 1593 4615">
    <p class='ocr_par' dir='ltr' id='par_1_13' title="bbox 289 4448 1593 4615">
     <span class='ocr_line' id='line_1_32' title="bbox 290 4448 1593 4532; baseline 0.001 -17"><span class='ocrx_word' id='word_1_289' title='bbox 290 4448 437 4530; x_wconf 77' lang='grc' dir='ltr'><strong><em>σκληρῶῶὲ</em></strong></span> <span class='ocrx_word' id='word_1_290' title='bbox 455 4479 472 4517; x_wconf 90' lang='grc' dir='ltr'><strong><em>ο</em></strong></span> <span class='ocrx_word' id='word_1_291' title='bbox 487 4464 491 4530; x_wconf 93' lang='grc' dir='ltr'>Ι</span> <span class='ocrx_word' id='word_1_292' title='bbox 508 4463 544 4517; x_wconf 76' lang='lat'><strong><em>21</em></strong></span> <span class='ocrx_word' id='word_1_293' title='bbox 565 4461 680 4531; x_wconf 82' lang='grc' dir='ltr'><strong><em>σποδοῦ]</em></strong></span> <span class='ocrx_word' id='word_1_294' title='bbox 694 4469 727 4526; x_wconf 72' lang='grc'><strong><em>-1-</em></strong></span> <span class='ocrx_word' id='word_1_295' title='bbox 739 4459 789 4517; x_wconf 86' lang='grc' dir='ltr'><strong><em>τὸν</em></strong></span> <span class='ocrx_word' id='word_1_296' title='bbox 807 4462 843 4527; x_wconf 85' lang='lat' dir='ltr'><strong><em>ol</em></strong></span> <span class='ocrx_word' id='word_1_297' title='bbox 862 4456 974 4532; x_wconf 61' lang='grc' dir='ltr'><strong><em>ἄρτονί]</em></strong></span> <span class='ocrx_word' id='word_1_298' title='bbox 993 4456 1082 4532; x_wconf 77' lang='grc' dir='ltr'><strong><em>ἄρτου</em></strong></span> <span class='ocrx_word' id='word_1_299' title='bbox 1099 4463 1150 4530; x_wconf 59' lang='lat'><strong><em>101</em></strong></span> <span class='ocrx_word' id='word_1_300' title='bbox 1166 4463 1204 4517; x_wconf 76' lang='lat'><strong><em>22</em></strong></span> <span class='ocrx_word' id='word_1_301' title='bbox 1224 4459 1276 4518; x_wconf 81' lang='grc' dir='ltr'><strong><em>οὐκ</em></strong></span> <span class='ocrx_word' id='word_1_302' title='bbox 1295 4459 1336 4531; x_wconf 74' lang='grc' dir='ltr'><strong><em>ἦν]</em></strong></span> <span class='ocrx_word' id='word_1_303' title='bbox 1356 4460 1389 4516; x_wconf 78' lang='grc' dir='ltr'><strong><em>οέ·</em></strong></span> <span class='ocrx_word' id='word_1_304' title='bbox 1406 4457 1433 4518; x_wconf 86' lang='lat' dir='ltr'><strong><em>x‘</em></strong></span> <span class='ocrx_word' id='word_1_305' title='bbox 1444 4469 1504 4520; x_wconf 82' lang='grc' dir='ltr'><strong><em>εΐον</em></strong></span> <span class='ocrx_word' id='word_1_306' title='bbox 1522 4464 1593 4531; x_wconf 83' lang='grc' dir='ltr'><strong><em>(ειον</em></strong></span> 
     </span>
     <span class='ocr_line' id='line_1_33' title="bbox 289 4543 710 4615; baseline 0.007 -19"><span class='ocrx_word' id='word_1_307' title='bbox 289 4545 319 4597; x_wconf 86' lang='lat' dir='ltr'><strong><em>in</em></strong></span> <span class='ocrx_word' id='word_1_308' title='bbox 336 4544 410 4614; x_wconf 83' lang='lat' dir='ltr'>Ras.)</span> <span class='ocrx_word' id='word_1_309' title='bbox 428 4562 443 4599; x_wconf 87' lang='grc' dir='ltr'><strong><em>ο</em></strong></span> <span class='ocrx_word' id='word_1_310' title='bbox 458 4551 462 4613; x_wconf 87' lang='lat' dir='ltr'>l</span> <span class='ocrx_word' id='word_1_311' title='bbox 478 4543 573 4615; x_wconf 75' lang='grc' dir='ltr'><strong><em>αὑτήν]</em></strong></span> <span class='ocrx_word' id='word_1_312' title='bbox 594 4552 626 4609; x_wconf 81' lang='lat'>÷</span> <span class='ocrx_word' id='word_1_313' title='bbox 643 4565 674 4601; x_wconf 83' lang='grc' dir='ltr'><strong><em>τε</em></strong></span> <span class='ocrx_word' id='word_1_314' title='bbox 692 4545 710 4600; x_wconf 94' lang='lat' dir='ltr'><strong><em>l.</em></strong></span> 
     </span>
    </p>
   </div>
   <div class='ocr_carea' id='block_1_13' title="bbox 0 0 1834 5566">
    <p class='ocr_par' dir='ltr' id='par_1_14' title="bbox 0 0 1834 5566">
     <span class='ocr_line' id='line_1_34' title="bbox 0 0 1834 5566; baseline 0 2"><span class='ocrx_word' id='word_1_315' title='bbox 0 0 1834 5566; x_wconf 95' lang='lat' dir='ltr'><strong><em> </em></strong></span> 
     </span>
    </p>
   </div>
  </div>
 </body>
</html>
