3694 5542
570 458 622 515 Die
639 457 804 530 &agmento
821 473 870 512 aun
888 457 936 512 der
953 456 1217 527 Prophebenkatene.
1486 461 1546 522 251

241 628 396 712 λοτέροις
426 624 477 695 ἐτι
503 619 643 696 τούτων
669 617 889 709 ὑπάρχουσιν,
921 622 967 702 είς
993 614 1052 702 σός
1077 624 1293 700 τελευταίους
1327 611 1363 688 ιδ
1390 623 1545 705 τρυγίαςι

240 719 520 812 ἐκκενωθήσεται.

584 891 641 959 Nr.
662 891 805 958 XXXIII.
848 890 973 976 KlageI
986 892 1100 957 Jerem
1118 898 1143 970 1,
1162 897 1207 957 15.

326 1035 373 1110 Ού
392 1037 547 1128 χαλεπόν
568 1044 604 1110 δέ
625 1043 718 1118 ίδεῖν,
740 1044 817 1120 πῶς
843 1035 970 1126 ληνόν
995 1031 1171 1124 ἐπάτησε
1196 1033 1334 1125 κύριος
1356 1040 1547 1126 παρθένῳ

204 1145 414 1230 σθυγατρὶ
443 1136 580 1212 Ἰούδα·
609 1141 681 1210 ἐπεὶ
710 1135 774 1228 γάρ
799 1133 834 1207 »ἃ
859 1144 986 1224 σπείρει
1009 1135 1161 1219 ἕκαστος,
1188 1141 1299 1236 ταῦτα
1320 1141 1377 1206 καὶ
1399 1141 1548 1223 θερίσεκ,

241 1235 326 1328 τάχα
348 1237 389 1328 δή
412 1245 467 1308 καὶ
489 1235 511 1309 ά
532 1257 681 1329 γεωργεῖ,
703 1243 812 1309 ταῦτα
833 1244 890 1308 καὶ
912 1241 1026 1327 τρυγᾷ.
1062 1229 1081 1306 ό
1100 1239 1162 1323 μὲν
1177 1237 1239 1304 ούν
1254 1240 1435 1322 κρείττονα
1452 1235 1549 1306 οἶνον

239 1335 385 1428 ποιήσας
407 1335 681 1430 εὐφρανθήσεται
703 1333 772 1410 άπὸ
793 1343 867 1410 τῶν
889 1339 988 1408 ἰδίων
1009 1331 1242 1424 γεννημάτων,
1265 1328 1283 1404 ό
1306 1337 1342 1403 δὲ
1356 1330 1549 1423 γεωργήσας

238 1437 405 1527 »άμπελον
427 1434 600 1528 Σοδόμων
619 1445 676 1508 καὶ
696 1443 886 1527 κληματίδα
906 1433 1083 1526 Γομόρρας
1104 1441 1160 1505 καὶ
1181 1430 1448 1523 καρποφορήσας
1469 1458 1549 1505 στα·

241 1536 356 1628 φυλήν
380 1542 484 1627 χολῆς
509 1544 565 1608 καὶ
590 1533 718 1626 βότρυν
739 1543 875 1627 πικρίας
895 1542 951 1607 καὶ
972 1533 1085 1624 θυμόν
1107 1529 1262 1605 άστιίδων
1283 1529 1435 1619 άνίατον,
1462 1531 1548 1606 πάν-

188 1657 222 1710 10
239 1667 314 1710 των
344 1634 412 1710 ύπό
442 1645 561 1726 κυρίου
592 1642 846 1727 συναγομένων<
872 1638 917 1719 είς
943 1643 1023 1724 μίαν
1049 1632 1188 1724 ληνόν,
1218 1639 1447 1725 πατουμένων
1474 1639 1549 1704 τῶν

238 1743 357 1808 κακῶν
392 1739 502 1826 ἔργων
539 1731 644 1807 αύτοῦ
679 1742 735 1806 καὶ
771 1742 999 1825 θλιβομένων,
1036 1753 1109 1818 τοῖς
1140 1732 1313 1817 τοιούτοις
1343 1728 1548 1815 άκολούθως

238 1853 383 1926 καρποῖς
408 1842 522 1908 πίεται
542 1832 627 1924 ύπέρ
649 1841 713 1908 τοῦ
735 1835 800 1926 τήν
820 1833 929 1925 χολήν
950 1839 1062 1923 ἐμέσαι
1082 1843 1136 1906 καλ
1160 1833 1225 1925 τήν
1246 1842 1385 1921 πικρίαν
1405 1837 1463 1903 καὶ
1485 1829 1548 1902 τὸν

240 1934 360 2024 θυμόν.
402 1942 459 2006 καὶ
479 1941 607 2020 πίεται,
633 1934 721 2008 κατὰ
743 1941 805 2024 μὲν
826 1932 890 2006 τόν
910 1929 1066 2024 Ἱερεμίαν
1088 1936 1134 2016 είς
1156 1930 1196 2005 τό
1218 1936 1381 2022 ἐξεμέσαι,
1403 1931 1491 2003 κατὰ
1513 1937 1549 2004 δὲ

239 2032 303 2107 τόν
323 2031 458 2106 Ἠσαίαν
487 2041 534 2119 είς
562 2033 604 2106 τό
634 2041 849 2126 ἐξεγερθῆναι
874 2042 931 2105 καὶ
952 2031 1157 2106 ἐνδύσασθαι
1178 2029 1284 2118 δόξαν
1305 2031 1370 2122 τήν
1392 2037 1547 2121 συγγενῆ·

189 2153 221 2206 15
240 2129 281 2206 ού
303 2133 366 2224 γὰρ
387 2131 500 2224 μάτην
530 2131 658 2223 ληνὸν
685 2151 806 2208 πατεῖ
831 2133 983 2221 κύριος,
1006 2140 1062 2204 καὶ
1082 2129 1229 2222 μάλιστα
1256 2138 1449 2222 παρθένῳ
1477 2141 1547 2202 θυ·

240 2241 354 2323 γατρὶ
375 2230 505 2306 Ἰούδα

584 2403 640 2469 Nr.
662 2403 806 2470 XXXIV.
850 2402 972 2488 Klagel.
986 2402 1144 2498 Jeremsl,
1161 2409 1207 2468 15.

321 2546 362 2620 ‘H
385 2560 504 2623 τοίνυν
532 2549 621 2639 ψυχή
648 2549 764 2622 πολλὰ
789 2549 881 2638 παρὰ
908 2553 972 2620 τοῦ
993 2555 1175 2630 κτίσαντος
1196 2545 1304 2638 αύτήν
1327 2553 1475 2634 λαβοῦσα
1495 2552 1547 2618 δυ

242 2647 328 2722 νατά
354 2679 392 2720 τε
418 2656 473 2720 καὶ
500 2647 641 2721 ἐκλεκτά
662 2656 863 2738 χαρίσματα,
890 2645 1030 2720 τούτων
1049 2646 1104 2718 διὰ
1124 2655 1246 2718 κακίαν
1268 2649 1470 2737 ἐστερημένη
1492 2653 1547 2715 καί

189 2771 224 2828 20
240 2756 380 2820 τίνουσα
395 2755 497 2833 δίκας,
521 2743 734 2822 όπέπονθεν
749 2753 760 2838 II
777 2744 942 2838 ὁμολογεῖ
979 2743 1053 2819 δδέ
1075 2753 1238 2834 κληθεὶς
1260 2751 1306 2827 είς
1328 2743 1369 2816 τὸ
1392 2769 1546 2834 συντρι-
1568 2764 1619 2818 333

241 2853 357 2938 βῆναι
385 2845 525 2939 καιρός
552 2851 646 2920 ἐστιν
674 2844 693 2920 ό
723 2855 784 2938 τῆς
812 2843 1090 2930 άνταποδόσεως,
1120 2842 1180 2917 ὅτε
1200 2845 1288 2917 κατά
1310 2843 1374 2916 τὸν
1395 2841 1546 2934 Ἰεζεκιήλ

239 2945 293 3018 »ού
313 2944 544 3037 μνησθήσεται
569 2944 715 3020 πάντων
736 2953 811 3018 τῶν
835 2944 1078 3036 δικαιωμάτων
1098 2938 1150 3016 σόν
1169 2954 1357 3034 πεποίηκεν
1378 2939 1397 3016 ό
1420 2951 1549 3027 δίκαιος

240 3053 276 3119 ἐν
298 3045 403 3139 ἡμέρᾳ
425 3042 589 3137 άμαρτίας
611 3045 737 3119 αύτού.
778 3051 955 3118 πενθοῦσα
978 3051 1013 3118 δέ
1035 3045 1078 3119 τά
1100 3043 1331 3136 συμβεβηκότα
1355 3040 1548 3131 ὠφελεῖται,

240 3153 315 3218 τῶν
336 3145 567 3219 πενθούντων
587 3154 644 3217 καὶ
658 3142 855 3218 κλαιόντων
869 3151 1073 3235 ἐπαγγελίαν
1087 3141 1241 3235 ἐχόντων
1257 3144 1321 3235 τήν
1335 3142 1549 3233 παράκλησιν

188 3267 222 3323 25
239 3255 294 3318 καί
317 3245 382 3317 τόν
402 3252 546 3333 γέλωτα.

588 3416 645 3482 Nr.
666 3415 794 3482 XXXV.
836 3416 960 3501 Klagel.
974 3417 995 3482 J
998 3439 1089 3482 erem.
1108 3421 1196 3496 1,16.

281 3581 282 3584 ’
323 3567 446 3635 Αίτιον
468 3563 553 3635 εἶναι
575 3569 650 3633 τῶν
671 3556 830 3652 ὀδυρμῶν
853 3565 918 3651 ἔφη
933 3559 974 3632 τὸ
989 3559 1034 3650 μή
1050 3561 1136 3632 εῖναι
1152 3558 1223 3632 τόν
1245 3565 1547 3648 ἐπιστρέφοντα

240 3660 304 3751 τήν
340 3660 470 3751 ψυχήν
505 3657 624 3751 αύτής,
660 3658 770 3752 ήγουν
805 3659 870 3732 τόν
905 3659 1196 3749 ἀνακτώμενον
1231 3659 1319 3732 κατὰ
1355 3659 1546 3750 Σύμμαχον.

241 3758 465 3851 ήφανίσθαι
496 3765 530 3830 δέ
562 3767 650 3848 λέγει
675 3768 732 3832 καὶ
757 3762 852 3846 τούς
877 3760 987 3842 υἱούς
1013 3765 1280 3850 δυναμωθέντος
1303 3765 1376 3832 τοῦ
1397 3764 1546 3848 ἐχθροῦ

187 3873 222 3929 30
240 3856 281 3930 δι’
311 3851 363 3930 ὧν
393 3856 638 3948 ἐξημάρτανον·
677 3857 912 3944 εὐσεβούντων
949 3861 1012 3951 γὰρ
1044 3856 1140 3950 ήμῶν
1171 3856 1233 3931 ούκ
1263 3857 1380 3946 ἰσχύει,
1411 3853 1551 3930 άσθενεῖ

241 3959 302 4049 γὰρ
323 3955 603 4050 προκοπτόντων
623 3966 679 4030 καὶ
701 3965 883 4049 νεκροῦται
904 3966 1151 4049 τελειουμένων
1172 3967 1228 4029 καὶ
1249 3955 1317 4030 ύπδ
1340 3958 1422 4040 τούς
1441 3953 1548 4041 πόδας

324 4147 343 4202 ὅ
375 4145 439 4216 Vgl.
463 4143 524 4199 Gal.
546 4145 575 4208 6,
594 4148 617 4202 7.
643 4175 676 4185 -
702 4145 822 4201 ΘΒοιιί.
844 4147 889 4212 32,
912 4147 1021 4202 32-34.
1048 4175 1082 4186 -
1109 4145 1148 4202 18
1175 4145 1238 4215 Vgl.
1262 4143 1360 4200 Jerom.
1381 4146 1486 4212 32,13.
1514 4174 1547 4183 -

242 4229 279 4285 14
295 4229 358 4301 Vgl.
371 4229 425 4284 ίεε.
438 4232 479 4293 51,
492 4232 524 4284 17
547 4229 1104 4302 52,1.-22V31.Emch18,24?-
1124 4230 1192 4287 241.
1212 4227 1457 4299 νεικέσω-65
1478 4229 1546 4284 Luk.

238 4317 262 4378 6,
275 4313 315 4369 21.
334 4344 366 4352 -
384 4313 449 4369 alr.
467 4313 530 4384 Vgl.
549 4313 626 4368 ma.
645 4316 686 4383 16,
704 4315 745 4370 20.

321 4463 339 4518 6
360 4463 402 4534 δὴ]
420 4461 450 4520 δὲ
468 4480 504 4518 σο
523 4465 528 4532 Ι
547 4461 733 4535 γεννημάτων
754 4463 796 4518 Ru
818 4464 985 4536 γενημιίτοιν
1007 4483 1044 4522 σο
1064 4469 1069 4532 Ι
1089 4465 1127 4523 11
1146 4466 1214 4535 τοῖς]
1237 4468 1287 4522 καί
1308 4471 1369 4529 τοῖς
1386 4481 1401 4518 ο
1420 4465 1425 4533 Ι
1446 4464 1482 4520 16
1499 4455 1546 4534 Ἡ]

237 4547 337 4603 vorher
353 4541 514 4621 Ὠριγένους
531 4549 589 4614 Gh3
610 4549 639 4603 In
657 4567 673 4604 ο
689 4549 760 4604 fehlt
778 4549 826 4606 der
842 4551 930 4606 Namo
952 4569 996 4607 am
1014 4551 1126 4621 Anfaug
1147 4549 1196 4605 der
1213 4549 1297 4619 θείίε,
1320 4549 1383 4604 ino
1405 4548 1481 4604 steht
1498 4548 1546 4603 das

237 4633 386 4703 Fragmenss
403 4633 476 4690 ohne
493 4633 600 4688 Namen
618 4634 753 4690 zwiuchen
771 4636 838 4691 τειεὶ
856 4635 1169 4706 Origeneefragmenton.
