3768 5544
656 468 778 526 Homilie
788 467 861 522 XIII.
890 469 988 524 Jerem.
1001 471 1042 536 15,
1053 471 1128 526 5-7.
1491 479 1549 542 105

244 633 439 720 ἔμπροσθεν
465 630 526 703 ούκ
552 637 789 704 ἐπεκτείνεται.
838 638 911 704 τῶν
937 636 972 704 δε
999 627 1108 704 ὀπίσω
1134 639 1340 723 μεμνημένος
1365 630 1549 722 παρακούει
1612 691 1620 704 .

244 737 307 802 τοῦ
333 728 438 820 Ἰησοῦ
465 730 685 814 διδάσκοντος
709 739 765 803 καί
791 738 964 820 λέγοντος·
995 729 1056 820 »μὴ
1083 729 1270 822 στραφῆτω
1297 737 1343 816 είς
1369 733 1412 804 τὰ
1438 728 1548 805 ὀπίσω

243 826 321 917 ἆραι
343 828 384 902 τὸ
407 829 543 921 ὶμύτιον
557 828 694 917 αύτοῦι,
715 829 899 920 παρακούει
915 836 977 902 τοῦ
989 826 1096 918 Ἰησοῦ
1111 836 1284 920 λέγοντος·
1309 831 1549 922 »μνημονεύετε

241 937 302 1020 τῆς
332 929 488 1020 γυναικὸς
509 931 626 1016 Λώτι,
658 929 841 1018 παρακούει
871 937 935 1002 τοῦ
952 926 1057 1020 Ἰησοῦ
1080 937 1252 1021 λέγοντος·
1286 928 1412 1014 »ούδελς
1433 934 1549 1016 βαλών

204 1043 221 1097 5
240 1029 305 1118 τῆν
331 1047 423 1118 χεῖρα
449 1029 506 1102 ἐπ’
533 1030 683 1120 ἄροτρον
708 1036 765 1102 καὶ
791 1037 950 1118 στραφεὶς
973 1036 1017 1113 είς
1039 1027 1081 1101 τὰ
1104 1024 1228 1114 όπίσω,
1251 1023 1392 1115 εύδετός
1413 1035 1483 1103 έστι
1506 1040 1548 1122 τῆ

239 1136 389 1220 βασιλείᾳ
419 1137 482 1202 τοῦ
511 1136 624 1202 δεούι.
666 1137 722 1202 καὶ
754 1134 790 1202 ἐν
816 1159 871 1252 τῳ
906 1126 1001 1248 νόμῳ
1032 1134 1068 1200 δὲ
1097 1123 1336 1218 γέχραπταιῇ
1317 1159 1372 1201 οτι
1398 1131 1548 1202 εἷπον(
1516 1160 1548 1203 οι

241 1227 375 1350 ύχχελοι
401 1228 487 1319 πρὸς
509 1229 571 1302 τόν
597 1224 825 1316 έξελδόντα’
805 1226 872 1300 απὸ
894 1225 1065 1318 Σοδόμων
1088 1228 1183 1300 Λώτ·
1212 1228 1274 1318 »μὴ
1295 1236 1531 1318 περιβλέῳηί
1502 1260 1548 1314 ες

239 1326 282 1399 τὰ
318 1323 428 1400 όπίσω
458 1335 541 1419 μηδὲ
571 1336 652 1418 στῆς
682 1333 720 1400 έν
751 1325 841 1418 πόση
871 1334 914 1418 τῆ
944 1327 1135 1418 περιχώρῳ
1169 1331 1215 1410 είς
1246 1327 1286 1400 τό
1318 1321 1397 1418 ὄρος
1426 1329 1545 1420 σῴζου

240 1425 373 1548 μήπφτε
395 1436 721 1520 συμπαραληφβῆςι.
756 1435 810 1498 καὶ
833 1435 937 1500 τοῦτο
961 1429 1026 1499 w
1011 1455 1075 1516 εχει
1091 1425 1243 1500 διάνοιαν
1259 1424 1355 1514 ἀξίαν
1370 1425 1547 1518 ύχχελικοῦ

186 1537 220 1592 10
239 1525 442 1616 πνεύματος·
487 1529 547 1619 »μὴ
588 1535 774 1619 περιβλέψη
815 1533 861 1612 είς
901 1528 945 1599 τὰ
979 1523 1118 1612 όπίσωι,
1161 1523 1211 1600 ἇελ
1246 1545 1319 1610 τοῖς
1353 1530 1547 1618 ἔμπροσθεν

239 1630 442 1698 έπεκτείνου.
484 1636 732 1710 καταλέλοιπας
758 1624 911 1718 Σόδομα,
937 1627 982 1717 μῆ
1009 1633 1157 1716 στρέφου
1184 1631 1229 1710 είς
1255 1624 1405 1715 Σόδομα.
1445 1657 1546 1699 κατα-

239 1730 401 1810 λέλοιπας
427 1727 491 1818 τὴν
516 1735 638 1799 κακίαν
664 1737 719 1798 καὶ
743 1727 806 1817 τῆν
832 1725 1013 1817 ἁμαρτίαν,
1038 1725 1082 1816 μῆ
1105 1731 1311 1816 ἐπιστραφῇς
1331 1725 1418 1813 πρὸς
1439 1725 1546 1818 αύτῆν

243 1832 342 1914 »μηδὲ
378 1834 460 1914 στῆς
490 1830 527 1899 ἐν
556 1825 646 1914 πόση
679 1834 721 1915 τῆ
752 1829 961 1917 περιχώρῳι.
1010 1824 1075 1897 κᾶν
1105 1822 1253 1915 τηρήσῃς
1282 1824 1346 1915 τὴν
1376 1834 1546 1916 προτέραν

240 1924 386 2014 ἐντολὴν
405 1925 470 2015 τῆν
492 1933 666 2015 λέγουσαν·
701 1926 761 2016 »μὴ
784 1933 967 2016 περιβλέφη
989 1931 1035 2008 είς
1057 1924 1100 1996 τὰ
1122 1920 1268 2010 όπίσωο,
1296 1921 1358 1996 ούκ
1380 1923 1475 2013 ύρκεῑ
1493 1950 1546 1999 σοι

187 2033 219 2087 15
238 2021 324 2111 πρὸς
347 2025 388 2096 τό
411 2031 575 2115 σωθῆναι,
599 2025 658 2097 έδιν
674 2026 719 2116 μῆ
738 2033 793 2096 καὶ
813 2033 874 2116 τῆς
889 2030 1045 2114 δευτέρας
1059 2030 1201 2114 ἐντολῆς
1215 2021 1359 2114 ἀκούσης
1374 2025 1546 2117 λεγούσης·

149 2135 220 2192 168τ
242 2128 341 2212 »μηδὲ
363 2131 444 2214 στῆς
466 2131 504 2196 ἐν
517 2121 608 2212 πόση
623 2133 666 2214 τῆ
682 2125 891 2216 περιχώρῳο.
911 2133 915 2214 1
934 2121 975 2196 ού
990 2131 1041 2196 δεῖ
1053 2123 1115 2214 γὰρ
1130 2121 1318 2215 ύρξόμενον
1333 2122 1545 2215 προκόπτειν

238 2219 376 2294 ἑστάναι
397 2227 434 2296 έν
456 2231 499 2312 τῆ
519 2224 698 2314 περιχώρῳ
721 2221 903 2313 Σοδόμων,
927 2230 956 2296 εί
976 2232 1031 2295 καὶ
1052 2221 1201 2314 Σόῆδομα
1222 2230 1429 2314 διαβέβηκεν,
1458 2223 1544 2299 ἀλλὰ
1566 2235 1617 2292 208

238 2319 401 2405 διαβάντα
432 2319 500 2395 ύπό
531 2329 594 2395 τοῦ
624 2321 761 2396 ἑστάναι
789 2327 826 2396 έν
856 2331 899 2412 τῆ
928 2325 1107 2414 περιχώρῳ
1139 2323 1305 2414 σῴζεσθαι
1337 2329 1381 2408 είς
1403 2325 1443 2396 τὸ
1467 2319 1545 2414 ὄρος

237 2419 325 2493 κατὰ
356 2420 397 2494 τὸ
432 2422 493 2512 »μὴ
524 2429 707 2511 περιβλέψῆ
737 2430 783 2507 είς
813 2422 856 2494 τὰ
884 2419 994 2496 όπίσω
1015 2429 1096 2513 μηδὲ
1118 2431 1199 2512 στῆς
1220 2427 1257 2495 έν
1278 2421 1368 2512 πόση
1391 2433 1433 2514 τῆ
1454 2453 1544 2513 περι-

184 2535 219 2591 20
235 2520 352 2610 χώρῳ·
385 2527 430 2604 εἰς
459 2521 501 2594 τό
531 2516 612 2611 όρος
644 2522 769 2612 σῴζου,
800 2519 932 2613 μήποτε
954 2531 1276 2612 συμπαραληφθῆςι.
1318 2528 1346 2593 εί
1366 2523 1478 2610 βούλει
1499 2525 1543 2616 μῆ

236 2627 571 2742 συμπαραληφδῆναι
598 2627 818 2714 Σοδομίταις,
851 2619 981 2712 μήποτε
1008 2629 1053 2706 είς
1079 2620 1123 2693 τὰ
1149 2619 1258 2695 όπίοω
1286 2631 1438 2713 στροφῆς
1459 2632 1543 2742 μηδὲ

236 2727 385 2808 στῆςν
347 2727 385 2792 ἐν
416 2729 458 2810 τῆ
489 2723 670 2841 περιχώρῳ
692 2719 862 2811 Σοδόμων
891 2728 974 2812 μηδὲ
1003 2718 1151 2810 οἷλλαχοῦ
1176 2719 1298 2810 γένη
1276 2751 1296 2812 η
1320 2729 1366 2806 είς
1388 2723 1428 2796 τὸ
1452 2718 1540 2812 όρος

232 2823 306 2890 έκεῑ
325 2816 388 2909 γάρ
409 2825 479 2892 ἐστι
500 2817 608 2909 μόνον
629 2829 794 2912 σωθῆναι
830 2824 901 2894 ἔστι
923 2827 958 2892 δὲ
978 2820 1019 2891 τό
1035 2815 1115 2908 ὅρος
1127 2819 1241 2908 κύριος
1253 2819 1381 2912 Ἰησοῦς,
1405 2854 1433 2914 ῳ
1419 2815 1541 2895 ἐστιν

235 2913 255 3006 6
279 2914 360 3006 δόξα
380 2927 436 2990 καί
458 2918 499 2991 τό
521 2918 648 3009 κρότος
670 2927 716 3003 είς
737 2920 818 3004 τοὺς
838 2923 974 3003 αἰῶνας,
1016 2915 1123 3009 Ἀμῆν

234 3204 257 3258 G
316 3119 558 3260 1291117α11.13,16.
585 3154 616 3164 -
647 3125 868 3190 111ω1.17,32.
895 3154 928 3163 -
956 3123 1161 3190 41111162.
1188 3155 1220 3164 —
1251 3127 1321 3192 210
1341 3126 1376 3182 13
1394 3127 1433 3183 14
1451 3127 1540 3183 16111

260 3220 303 3258 en.
349 3209 410 3271 ‚1.

316 3389 334 3444 5
357 3390 502 3460 στραφεὶς]
518 3391 670 3460 respiciens
687 3392 713 3447 H
732 3393 737 3461 Ι
760 3391 780 3448 11
803 3387 964 3462 δγχελικοῦ]
986 3392 1039 3447 Dei
1054 3392 1080 3446 Η
1102 3394 1108 3461 Ι
1132 3391 1168 3448 12
1190 3388 1286 3462 αὐτὴν]
1308 3393 1377 3447 ιαΗ
1401 3396 1406 3462 Ι
1431 3395 1469 3450 18
1487 3390 1541 3450 κᾶν

232 3473 355 3544 τηρήσῃς
371 3474 445 3528 nach
461 3475 499 3530 H:
523 3476 647 3530 Etiamsi
663 3517 689 3532 ..
708 3475 867 3529 αιείοδδινιο
885 3478 934 3530 καί
950 3477 1110 3549 τηρήσειςὸ
1134 3480 1138 3536 Ι
1161 3477 1247 3542 11118
1264 3473 1539 3553 ἀλλὰ-περιχώρῳ]

149 3575 153 3586 ·
231 3562 254 3610 οί
278 3576 297 3611 α
320 3558 439 3613 Satanae
461 3561 503 3630 (ε
521 3555 667 3629 ἑστάναιῖ)
690 3561 798 3628 τομίωια
814 3559 960 3624 discedens,
978 3561 1083 3629 διιοιῖμδο
1101 3561 1167 3616 mm
1184 3579 1239 3615 esse
1256 3563 1416 3631 suppliciis,
1438 3565 1541 3633 ωῳιδδί

231 3646 261 3696 ιδ
278 3642 304 3696 Η
325 3644 329 3710 1
349 3642 387 3699 21
407 3643 477 3714 μηδὲ
495 3643 573 3698 ΒΙουε
591 3643 665 3699 Diels
681 3661 714 3698 ne
728 3644 781 3710 (od.
793 3643 851 3712 που)
870 3645 895 3698 Η
913 3646 982 3714 μήτε
1000 3645 1036 3712 Sl
1053 3645 1092 3702 22
1110 3644 1136 3715 6]
1154 3647 1200 3700 εοδ
1216 3663 1279 3700 eum
1290 3647 1354 3702 inde
1372 3648 1539 3714 discesseris,

230 3729 343 3780 ascende
355 3727 381 3781 Η
403 3731 407 3793 1
425 3728 466 3784 24
485 3727 601 3799 αἰῶνας]
618 3736 651 3793 -1-
668 3729 840 3783 εαοοιιίσιντη
851 3729 878 3781 H
892 3730 897 3795 Ι
912 3723 1004 3798 Ἀμήν]
1022 3737 1055 3794 -1-
1073 3725 1170 3798 δμιλία
1187 3726 1222 3801 ιγ’
1235 3731 1261 3786 S.
