3768 5544
318 433 357 496 ¹12
759 425 897 497 Origenes*
915 422 1175 480 Jeremiahomilien.

321 591 422 711 »ἐγωι
451 595 553 679 φησὶν
583 586 648 672 »ὥς
674 585 839 678 ἄρνίον”
818 615 948 660 ακακον
973 592 1029 659 ἐπὶ
1050 585 1183 676 σφαγὴν
1205 581 1372 676 ἄγάμενον
1394 593 1457 657 τοῦ
1477 584 1624 659 θύεσθαι

319 717 381 764 ουκ
393 689 531 776 ἐγνωνι
574 685 635 760 ούκ
653 690 747 761 εἶπεν
761 697 795 760 τί
810 685 872 761 σύκ
887 691 998 808 ἔγνω.
1018 681 1059 758 ού
1073 684 1136 775 γάρ
1152 689 1300 776 εἴρηκεν·
1322 684 1384 758 ούκ
1401 687 1512 777 ἔγνων
1527 685 1623 772 κακά,

318 785 381 859 ούκ
407 791 549 878 ε’ίρηκεν·
578 784 640 860 ούκ
668 791 777 878 ἔγνων
797 785 925 877 άγαθά,
957 778 1036 858 οὔτε
1057 789 1199 874 ειρηκεν·
1229 781 1291 857 ούκ
1314 789 1425 874 ἔγνων
1447 783 1624 877 ἁμαρτίαν,

317 881 392 960 ’ἄλλ’
422 883 541 972 ἆπλως
570 884 650 962 »οὐκ
676 891 815 977 ἔγνωνι.
870 893 923 958 σοὶ
949 877 1010 957 οὖν
1035 890 1279 958 καταλέλοιπεν
1310 883 1474 974 ἐξετάζειν
1502 896 1535 960 τί
1563 885 1625 961 ούκ

244 987 414 1078 ῡέγνω.
447 994 510 1110 tuui
531 984 691 1086 μάνθανε
709 997 741 1060 τί
764 984 826 1060 οὐκ
849 990 936 1075 ἔγνω
959 981 1027 1058 άπὸ
1050 990 1114 1057 τοῦ
1138 983 1285 1076 »τὸνμὴ
1308 982 1435 1076 γνόντα
1456 981 1625 1077 άμαρτίαν

316 1083 457 1176 ύπέρε
436 1095 533 1211 ημῶν
568 1075 741 1177 ἁμαρτίαν
763 1092 952 1175 ἐποίησενι·
986 1093 1116 1173 γνῶναι
1146 1083 1209 1175 γὰρ
1240 1081 1407 1174 ἁμαρτίαν
1436 1081 1625 1176 άμαρτῆσσιί

317 1179 471 1272 ἐστιν,ι
442 1218 490 1272 ως
511 1217 641 1277 γνωναι
662 1186 875 1276 δικαιοσύνην
898 1190 1174 1275 δικαιοπραγῆσαί
1195 1189 1295 1309 ἐστιν.
1338 1180 1357 1257 δ
1380 1177 1442 1257 σύν
1462 1181 1624 1273 άπαγγέλ-

317 1295 391 1358 λων
413 1284 456 1358 τά
477 1293 554 1376 περὶ
576 1285 787 1380 δικαιοσύνης
808 1293 877 1356 καὶ
885 1284 929 1375 μὴ
951 1282 1261 1373 δικαιοπραγῶν
1220 1314 1282 1357 ουκ
1298 1287 1385 1374 ἔγνω
1401 1283 1624 1374 δικαιοσύνην

375 1447 380 1460 .
400 1397 427 1458 2.
453 1381 543 1458 »22πῖ
559 1391 615 1476 ἐμὲ
636 1391 833 1474 ἐλογίσαντο
856 1380 1025 1474 λογισμόν,
1048 1390 1217 1474 λέγοντες·
1240 1390 1335 1456 δεῦτε
1358 1391 1413 1455 καὶ
1428 1381 1625 1475 ἐμβάλωμεν

238 1484 421 1571 θλθῐξύλον
452 1491 498 1570 είς
528 1484 591 1557 τὸν
624 1485 731 1575 ἄρτον
761 1481 896 1557 avitae«.
949 1477 1004 1556 ὅτι
1036 1490 1098 1574 μὲν
1128 1482 1346 1572 ἐσταύρωσαν
1377 1481 1483 1556 αύτὸν
1512 1491 1517 1572 Ι
1544 1480 1624 1556 'Iov-

220 1639 221 1644 η
318 1591 422 1668 δαῑοι,
454 1589 559 1674 δῆλον
585 1582 690 1657 τοῦτό
715 1590 809 1656 ἐστιν
833 1591 890 1655 καὶ
916 1591 1085 1676 παρρησίᾳ
1107 1590 1212 1656 τοῦτο
1234 1581 1450 1674 κηρύσσομεν.
1491 1591 1567 1666 πῶς
1589 1590 1625 1654 δὲ

318 1690 424 1756 τοῦτο
450 1681 648 1775 ἐφαρμόσεις
671 1691 721 1775 τῷ
746 1689 960 1770 »ἐλογίσαντο
982 1680 1034 1756 ἐπ’
1058 1689 1113 1774 ἐμὲ
1136 1679 1306 1774 λογισμόν,
1329 1688 1499 1772 λέγοντες·
1531 1689 1626 1755 δεῦτε

316 1789 372 1855 καί
386 1781 583 1874 ἐμβάλωμεν
597 1783 701 1870 ξύλον
722 1787 768 1867 είς
788 1781 852 1855 τὸν
874 1782 981 1872 ἄρτον
998 1779 1135 1868 αύτούι,
1157 1785 1255 1872 ἔργον
1271 1786 1340 1853 ἐστὶ
1357 1788 1484 1872 νοῆσαι.
1527 1776 1547 1854 δ
1563 1789 1626 1854 τοῦ

316 1877 420 1972 Ἰησσῦ
442 1881 543 1971 ἄρτος
565 1877 584 1954 ὁ
607 1879 706 1970 λύγος
728 1886 821 1955 ἐστίν
842 1887 879 1954 ἐν
894 1874 923 1974 ᾦ
940 1879 1142 1973 τρεφόμεθα.
1184 1886 1256 1954 ἐπεὶ
1271 1889 1390 1954 τοίνυν
1405 1879 1625 1966 διδάσκοντος

267 1997 299 2052 15
319 1978 426 2054 αὐτοῦ
450 1987 488 2054 ἐν
513 1989 563 2072 τῷ
587 1989 661 2073 λαῷ
683 1979 855 2074 ἠθέλησαν
877 1981 918 2054 τὸ
941 1979 1131 2054 σκάνδαλον
1155 1987 1212 2068 [ἐν]
1236 1989 1279 2070 τῇ
1301 1987 1496 2074 διδασκαλίᾳ
1518 1979 1625 2054 αύτοῦ

317 2090 518 2170 προσθεῖναι
533 2081 588 2154 διὰ
603 2088 666 2155 τοῦ
687 2090 879 2170 σταυρῶσαι
902 2077 1017 2166 αύτάν,
1040 2082 1150 2152 είπον·
1176 2078 1349 2168 »βάλωμεν
1372 2079 1475 2168 ξύλον
1497 2087 1542 2164 είς
1562 2080 1625 2154 τὸν

317 2177 425 2270 ἄρτον
445 2177 580 2254 αύτοῦι.
624 2177 710 2253 ἄταν
731 2180 793 2270 γὰρ
816 2188 867 2271 τῷ
891 2177 981 2271 λόγῳ
1004 2187 1065 2270 τῆς
1079 2177 1182 2270 Ἰησοῦ
1202 2186 1414 2264 διδασκαλίας
1429 2179 1623 2271 προσάπτη-

316 2309 373 2352 ται
392 2277 432 2352 τδ
448 2286 682 2371 ἐσταυρῶσθαι
696 2279 760 2353 τὸν
779 2277 988 2366 διδάσκαλον,
1011 2287 1057 2364 είς
1075 2279 1137 2352 τὸν
1160 2279 1267 2371 ἄρτον
1289 2277 1397 2352 αὐτοῦ
1418 2280 1520 2368 ξύλον
1535 2287 1624 2371 ἐμβέ-

316 2390 444 2470 βληται.
477 2385 598 2453 ἐκεῖνοι
612 2387 673 2471 μὲν
688 2371 750 2451 οὖν
765 2383 800 2466 ἐξ
814 2383 993 2470 ἐπιβουλῆς
1006 2378 1268 2471 βουλευσάμενοι
1283 2387 1485 2470 λεγέτωσαν·
1512 2386 1624 2453 »δεῦτε

266 2493 301 2550 20
316 2485 372 2552 καί
401 2477 598 2569 ἐμβάλωμεν
619 2479 721 2566 ξύλον
743 2486 788 2562 είς
811 2478 874 2553 τὸν
896 2478 1003 2568 ἄρτον
1024 2478 1159 2553 αύτοῦι.
1201 2483 1267 2571 ἐγω
1291 2485 1326 2552 δέ
1348 2476 1624 2570 παραδοξότερον

317 2585 396 2669 ίρω1
428 2576 469 2651 τὸ
498 2578 601 2668 ξύλον
627 2584 795 2668 ἐμβληθὲν
820 2584 866 2664 είς
887 2578 952 2652 τὸν
974 2579 1083 2670 ἄρτον
1104 2577 1211 2653 αύτού
1231 2587 1412 2668 κρείττονα
1433 2578 1497 2650 τὸν
1518 2577 1624 2668 ἄρτον

317 2686 509 2768 πεποίηκεν.
551 2677 759 2769 παράδειγμα
781 2677 942 2769 λαμβάνω
965 2675 1032 2752 άπὸ
1055 2686 1118 2751 τοῦ
1132 2686 1285 2765 Μωσέως
1307 2675 1426 2769 νόμου·
1447 2679 1500 2752 »τὸ
1521 2679 1624 2767 ξύλον

316 2783 446 2866 βληθὲν
474 2780 519 2862 είς
545 2776 587 2850 τὸ
614 2776 737 2866 πικρὸν
758 2773 852 2867 ύδωρ
873 2783 1032 2868 ἐποίησεν
1054 2776 1137 2852 αύτὸ
1160 2779 1282 2869 γλυκύ.
1324 2771 1436 2863 ούτως
1458 2777 1499 2852 τὸ
1521 2777 1623 2866 ξύλον

317 2882 381 2949 τοῦ
401 2873 536 2959 πάθους
550 2872 656 2966 Ἰησού
672 2885 821 2968 Χριστοῦ
842 2877 949 2952 ἐλθὸν
972 2885 1018 2962 είς
1039 2878 1102 2952 τὸν
1117 2877 1222 2968 λόγον
1236 2885 1423 2968 πεποίηκεν
1437 2877 1501 2950 τὸν
1516 2877 1625 2969 ἄρτον

265 2991 300 3046 25
317 2973 424 3048 αύτοῦ
449 2975 663 3066 γλυκύτερον.
706 2986 786 3068 πρὶν
812 2983 897 3067 ἔλθη
924 2985 1008 3068 γοῦν
1033 2981 1080 3062 είς
1106 2977 1169 3050 τὸν
1192 2979 1300 3066 ἄρτον
1321 2973 1426 3050 αύτοῦ
1447 2977 1489 3051 τὸ
1511 2977 1623 3065 ξύλον,

317 3070 375 3149 ὅτε
398 3075 502 3166 ἄρτος
522 3071 632 3164 μόνον
653 3068 696 3166 ἦν
717 3084 773 3148 καὶ
794 3075 899 3164 ξύλον
920 3075 983 3152 ούκ
1004 3069 1047 3166 ἦν
1069 3081 1106 3150 ἐν
1126 3085 1168 3166 τῇ
1191 3085 1384 3170 διδασκαλίᾳ
1405 3073 1526 3163 αύτοῦ,
1560 3083 1624 3160 »είς

316 3183 428 3248 πᾶσαν
455 3175 519 3265 τὴν
547 3181 626 3265 γῆν(
657 3172 718 3246 ούκ
748 3182 909 3268 »ἐξῆλθεν
938 3172 958 3250 δ
981 3173 1134 3266 φθόγγος
1156 3173 1291 3250 αύτοῦι.
1335 3174 1407 3251 ἄλλ’
1429 3181 1501 3250 ἐπεὶ
1522 3200 1624 3268 προσ-

403 3377 419 3434 1
439 3378 503 3450 vgu
522 3378 576 3433 Jee.
594 3380 635 3442 53,
648 3382 671 3433 7.
690 3409 723 3418 -
739 3379 797 3434 411.
815 3379 880 3450 Vgl.
898 3381 971 3435 Hier.
991 3383 1093 3438 Gomm.
1111 3383 1174 3438 922:
1193 3381 1355 3436 subauditur
1372 3383 1527 3452 peeeeium3
1542 3382 1625 3451 juxte

317 3461 387 3516 illud
405 3461 478 3532 quod
496 3462 532 3516 eb
550 3462 676 3534 apostolo
688 3463 799 3519 dieitur:
818 3463 942 3529 Quicum
956 3484 1011 3522 nou
1023 3467 1197 3536 cognovisset
1207 3468 1350 3536 peecatum
1362 3469 1414 3521 ete.
1432 3496 1466 3505 -
1484 3465 1502 3521 ὅ
1521 3465 1548 3521 II
1561 3467 1624 3523 Κατ.

316 3549 341 3614 5,
352 3549 395 3603 21.
412 3577 446 3588 -
465 3546 543 3603 lou.
562 3546 625 3618 vgl.
638 3547 711 3604 Hier.
725 3549 827 3604 Oomm,
840 3549 899 3604 922.
916 3577 951 3588 -
969 3550 1007 3604 14
1026 3549 1089 3620 vgl.
1102 3551 1164 3606 Joh.
1177 3551 1201 3616 6,
1213 3551 1280 3604 48ff.
1299 3579 1332 3589 -
1351 3548 1428 3605 lm.
1447 3549 1512 3621 vgl.
1525 3549 1623 3606 Eueeb.

317 3632 372 3701 (Gh
390 3633 427 3696 Π,
447 3633 502 3700 74);
528 3638 568 3704 τῷ
590 3631 645 3706 γὰρ
663 3633 794 3706 τροφίμῳ
816 3639 865 3702 τῆς
888 3631 975 3689 αὐτοῦ
992 3636 1170 3700 διδασκαλίας
1192 3631 1353 3703 ἐμποδίζειν
1377 3631 1506 3703 οἰόμενοι
1528 3633 1573 3691 διὰ
1590 3633 1624 3690 τδ

317 3715 400 3784 ξύλον
410 3723 463 3772 τοῦ
475 3723 600 3788 σταυροῦ
612 3716 774 3786 σνμπλακέν
787 3713 862 3791 αὐτῷ
879 3715 997 3774 κωλύειν
1015 3716 1147 3789 ἐνόμιζον
1164 3717 1231 3784 τοὺς
1248 3715 1444 3789 ἀπογεύεσθαι
1461 3723 1518 3774 τῶν
1537 3717 1625 3776 αὐτοῦ

315 3804 455 3871 μαθητῶν
472 3797 633 3866 ἐθέλοντας,
650 3799 694 3858 διὰ
713 3799 747 3856 τδ
771 3801 929 3858 σκάνδαλον
945 3809 997 3858 τοῦ
1015 3811 1144 3877 σταυροῦ.
1164 3833 1197 3842 -
1214 3803 1295 3861 M.
1312 3803 1375 3874 vgl.
1393 3802 1474 3858 Philo
1492 3802 1526 3858 de
1544 3801 1623 3874 migr.

317 3886 382 3942 Abr.
400 3885 420 3952 Ι,
438 3885 531 3940 441Μ.
550 3916 583 3925 -
601 3885 640 3942 22
659 3885 723 3956 vgl.
742 3885 829 3942 Exod.
849 3889 890 3953 15,
908 3889 950 3943 25.
968 3917 1001 3925 —
1020 3886 1059 3943 26
1077 3887 1151 3944 Peel.
1172 3891 1210 3952 18,
1228 3890 1253 3942 5.

402 4087 418 4142 1
438 4083 485 4143 ἐπί
501 4086 622 4158 σφαγὴν]
640 4097 674 4148 <
685 4088 711 4142 Η
730 4091 734 4156 Ι
754 4087 773 4142 2
792 4081 865 4158 ἔγνω
884 4089 921 4142 Co
940 4089 1090 4156 ιοραοοενύί
1107 4089 1133 4143 Η
1150 4083 1241 4160 ἔγνων
1259 4089 1276 4144 S
1296 4091 1300 4156 Ι
1325 4089 1343 4143 8
1362 4083 1514 4168 ἁμαρτίαν]
1529 4105 1624 4158 μεσσα-

316 4176 383 4235 ίιιια,
401 4171 457 4225 κύνε
473 4172 644 4240 ύγιιείίίιαινι
656 4171 682 4226 Η
697 4173 702 4240 Ι
717 4173 736 4229 2
754 4171 812 4241 καὶ]
831 4180 864 4231 <
876 4171 902 4226 Η
917 4173 922 4240 Ι
938 4172 978 4227 1⁰
996 4169 1091 4243 αὐτὸν]
1110 4173 1264 4228 Dominum
1275 4172 1302 4227 H
1319 4173 1347 4241 (l.
1364 4171 1416 4229 τδν
1433 4173 1499 4242 neu)
1515 4174 1519 4239 Ι
1536 4172 1623 4238 11112

316 4261 377 4322 πῶς
394 4255 423 4312 δὲ
440 4263 524 4312 τοῦτο
543 4252 717 4329 ἐφαρμόσας
727 4257 776 4330 τῷ]
795 4255 926 4324 qumodo
944 4273 1017 4310 τινα
1034 4255 1191 4325 aptamus
1208 4261 1241 4325 ei,
1260 4258 1332 4328 quod
1346 4258 1488 4334 ιίιέίίιιτΗ
1502 4259 1507 4326 Ι
1524 4257 1563 4314 12
1580 4255 1625 4313 λέ-

316 4339 425 4411 γοντες]
444 4348 477 4405 -Ι-
493 4341 543 4394 ίιοο
559 4341 630 4409 quod
646 4341 780 4408 infertur
798 4338 824 4392 Η
839 4344 843 4410 Ι
860 4340 899 4396 lu
916 4341 974 4411 καί]
992 4341 1063 4401 <Η
1082 4343 1088 4410 Ι
1108 4341 1147 4399 15
1165 4343 1316 4413 ἠθέλησαν]
1334 4349 1367 4407 -Ι-
1385 4343 1498 4412 quedam
1513 4341 1541 4397 Η
1560 4344 1564 4409 Ι
1584 4339 1624 4410 ἐν]

315 4424 431 4480 ελτεὶοίιί
446 4425 525 4479 Bluse
543 4434 576 4484 <
588 4424 615 4479 Η
629 4427 633 4494 Ι
650 4426 688 4482 10
711 4418 802 4494 εἶπον]
825 4431 857 4488 -Ι-
875 4425 961 4478 venite
979 4427 1022 4492 (ιε
1038 4427 1127 4496 δεῦτε]
1144 4429 1171 4482 Η
1190 4430 1195 4496 Ι
1215 4427 1256 4483 20
1276 4428 1334 4498 καὶ]
1353 4427 1423 4488 <Η
1442 4429 1447 4496 Ι
1466 4427 1624 4500 παραδοξό-

315 4507 409 4581 τερον]
427 4509 590 4564 οδααύαδίία
606 4509 738 4578 quiddam
755 4509 782 4563 Η
806 4510 810 4578 Ι
833 4509 872 4564 22
890 4507 1037 4584 λαμβάνω]
1055 4511 1148 4580 aucupe
1164 4511 1190 4565 Η
1213 4513 1218 4582 Ι
1241 4512 1342 4583 νόμον]
1361 4519 1393 4578 -Ι-
1412 4512 1491 4567 βισαί
1507 4511 1533 4566 Η
1556 4514 1560 4579 Ι
1586 4510 1626 4568 24

315 4591 413 4664 λόγον]
430 4593 583 4647 doctrinam
599 4594 657 4662 ejus
674 4593 708 4648 Η.
