3768 5544
358 476 398 538 50
792 462 941 532 Origenes'
958 463 1216 519 Jeremiuhomilien.

359 627 420 703 οῦκ
449 627 618 720 ήθέλησαν
645 633 803 712 δέξασθαι
829 631 1001 699 παιδείανι
1028 623 1095 700 ἀπὸ
1117 632 1385 716 παραδείγματος
1406 634 1469 698 τοῦ
1490 626 1577 699 κατὰ
1599 625 1662 700 τόν

253 729 259 742 ’
357 725 590 818 παραδιδόντα
617 725 681 815 τὴν
702 723 892 816 ἐπιστήμην
912 724 1053 798 καὶτὸν
1074 724 1118 816 μὴ
1140 723 1350 815 βουλόμενον
1371 735 1576 817 παραλαβεῖν
1598 727 1663 817 τήν

357 825 543 918 ἐπιστήμην
564 823 633 900 ἀπὸ
656 833 720 899 τοῦ
740 821 996 912 παραδιδόντος.
1032 823 1147 897 πάντα
1168 825 1231 914 γάρ
1253 825 1296 898 τὰ
1315 824 1394 916 παρ’
1412 824 1506 917 αύτῷ
1521 836 1664 899 ποιείτω

358 925 377 1000 δ
392 925 592 1010 διδάσκαλος
606 933 661 997 καὶ
676 933 878 998 συντελείτω
894 923 1008 998 πάντα
1023 929 1068 1008 είς
1082 923 1271 1015 παράδοσιν
1286 924 1480 1016 ἐπιστήμης,
1490 933 1618 1012 ἐκεῖνος
1628 933 1664 1001 δὲ

322 1028 401 1119 ομῆ
426 1033 669 1117 παραδεχέσθω
685 1025 728 1096 τὰ
743 1021 916 1115 λεγόμενα·
938 1021 1062 1115 εἴποιμ’
1077 1023 1120 1097 ἀν
1141 1035 1218 1112 περὶ
1239 1033 1304 1098 τοῦ
1324 1026 1487 1100 τοιούτου
1508 1036 1559 1119 τῷ
1576 1033 1664 1100 διδα-

358 1123 485 1218 σκάλῳ·
506 1132 734 1209 >συνετέλεσας
756 1121 856 1197 τόνδε
870 1132 926 1195 καὶ
941 1122 1004 1196 οῦκ
1017 1121 1181 1215 ἠθέλησεν
1197 1131 1357 1211 δέξασθαι
1370 1132 1543 1200 παιδείαν.
1579 1127 1665 1200 ἐπὰν

357 1221 419 1300 οῦν
441 1225 485 1298 τά
507 1223 576 1298 ἀπὸ
600 1231 662 1314 τῆς
681 1233 843 1314 προνοίας
858 1234 990 1314 γίνηται
1010 1221 1124 1296 πάντα
1138 1230 1186 1308 είς
1200 1221 1294 1314 ἡμᾶς,
1317 1230 1371 1298 ίνα
1386 1235 1664 1318 συντελεσθῶμεν

356 1333 412 1397 καὶ
438 1331 692 1416 τελειωθῶμεν,
724 1321 815 1414 ἡμεῖς
842 1330 877 1395 δὲ
902 1323 947 1414 μή
973 1325 1240 1415 παραδεχώμεθα
1267 1325 1311 1396 τὰ
1337 1332 1397 1416 τῆς
1417 1335 1583 1417 προνοίας
1604 1333 1665 1417 τῆς
1790 1401 1792 1406 ,

359 1433 412 1500 ἐπί
431 1421 630 1513 τελειότητα
652 1422 736 1514 ήμᾶς
758 1423 925 1513 ἑλκούσης,
947 1434 1081 1512 λεχθείη
1104 1423 1147 1496 ἀν
1168 1421 1236 1498 ύπὸ
1250 1431 1313 1496 τοῦ
1328 1431 1493 1509 νοοῦντος
1508 1434 1559 1516 τῷ
1575 1433 1664 1516 θεῷ·

308 1541 340 1596 10
361 1525 484 1616 »κύριε,
507 1530 726 1606 συνετέλεσας
747 1520 872 1606 αύτούς
893 1533 948 1594 καί
976 1520 1037 1595 οῦκ
1059 1520 1230 1614 ἠθέλησαν
1253 1531 1410 1612 δέξασθαι
1430 1532 1614 1597 παιδείανι.

273 1645 341 1701 2351
442 1637 469 1698 3.
495 1621 732 1711 »Ἐστερέωσοιν
754 1621 797 1694 τὰ
818 1620 988 1712 πρόσωπα
1007 1637 1012 1705 Ι
1030 1620 1148 1695 αύτοῦν
1161 1622 1247 1714 ύπέρ
1263 1631 1422 1713 πέτρανι.
1458 1623 1590 1715 νοήσεις
1609 1634 1664 1695 καὶ

360 1732 464 1797 τοῦτο
490 1720 559 1796 ἀπὸ
588 1730 662 1795 τῶν
690 1728 995 1812 σωματικωτέρων.
1042 1731 1115 1796 τιῦν
1141 1720 1409 1814 ἀμαρτανόντων
1430 1729 1463 1796 οἱ
1484 1732 1545 1814 μὲν
1567 1721 1664 1797 ἀκού-

359 1854 457 1909 οντες
478 1820 600 1912 λόγους
622 1823 836 1912 ἐλεγκτικοῦς
857 1826 911 1893 ἐπί
931 1832 974 1912 τῆ
989 1819 1134 1916 άμαρτίᾳ
1149 1829 1353 1914 ἐρυθριῶσιν
1367 1831 1423 1896 καὶ
1437 1823 1665 1897 καταδύονται

359 1933 415 1996 καί
435 1920 690 1995 ὑποπίπτουσιν
712 1918 909 2008 ἁπτομένου
930 1920 1115 2011 τοῦλόγου
1139 1929 1202 1996 τοῦ
1222 1929 1415 2012 ἐλεγκτικοῦ
1429 1921 1559 1996 αὐτῶν·
1584 1930 1616 1996 οί
1631 1931 1665 1996 δὲ

309 2046 341 2099 15
360 2029 513 2097 τοιοῦτοί
539 2027 634 2107 εἰσιν,
667 2018 756 2094 ὥστε
781 2018 906 2105 αύτούς
934 2018 1221 2112 ἀνερυθριάστους
1246 2026 1345 2110 εἶναι,
1376 2025 1421 2114 μή
1448 2029 1665 2116 αἰδουμένους

359 2119 412 2211 ἐφ’
435 2119 486 2205 οἷς
508 2126 710 2210 ἐλέγχονται,
732 2117 785 2208 ἐφ’
808 2119 860 2205 οίς
882 2119 1120 2214 ἡμαρτήκασιν.
1155 2128 1263 2208 ε’ίποις
1284 2123 1327 2195 ἀν
1348 2115 1409 2197 οὖν
1430 2131 1506 2212 περὶ
1527 2123 1686 2196 τούτων·

360 2228 394 2293 οἳ
415 2218 477 2294 ούκ
498 2224 687 2293 αἰδοῦνται·
712 2225 937 2310 »ἐστερέωσαν
959 2222 1002 2294 τά
1023 2219 1191 2312 πρόσωπα
1212 2221 1329 2298 αὐτῶν
1347 2221 1432 2313 ύπὲρ
1446 2231 1603 2313 πέτρανι.
1638 2231 1666 2296 εί

361 2319 524 2411 νενόηκας
551 2325 605 2392 ἐπὶ
632 2327 707 2392 τῶν
734 2329 939 2411 σωματικῶν
966 2318 1064 2406 αῦτό,
1094 2320 1222 2412 μετάβα
1248 2351 1306 2412 μοι
1332 2331 1383 2414 τῷ
1410 2319 1502 2413 λόγῳ
1525 2328 1579 2394 ἐπὶ
1602 2322 1666 2413 τῆν

360 2421 471 2511 ψυχήν
493 2418 616 2512 νοήσας
637 2416 833 2508 πρόσωπον,
856 2429 932 2510 περί
956 2413 996 2493 οῦ
1019 2428 1161 2511 λέγεται·
1193 2419 1292 2494 »τότε
1314 2429 1349 2495 δέ
1370 2419 1559 2510 πρόσωπον
1580 2421 1666 2512 πρός

308 2540 343 2595 20
360 2518 579 2613 πρόσωπονι.
614 2527 669 2591 καί
688 2512 752 2609 όρα
766 2519 878 2610 ψυχήν
892 2518 1040 2610 στερεάν,
1064 2516 1166 2594 ὁποία
1181 2513 1224 2611 ῆν
1239 2519 1260 2612 ή
1273 2530 1394 2611 καρδία
1411 2521 1536 2611 Φαραώ
1552 2525 1666 2610 ἐσκλη-

361 2628 521 2712 ρυμμένη,
553 2618 641 2692 ὥστε
668 2616 775 2709 αῦτήν
802 2624 857 2693 ἐπὶ
884 2641 956 2704 τοῖς
982 2618 1288 2712 ἀπαγγελλομένοις
1315 2618 1450 2693 ἑστάναι
1477 2619 1666 2694 ἀντίτυπον

360 2728 415 2793 καὶ
452 2719 567 2810 δι’σπερ
603 2715 864 2804 ἀποβάλλουσαν
895 2719 938 2792 τὰ
968 2717 1132 2812 λεγόμενα
1160 2721 1205 2812 μή
1238 2727 1477 2811 μορφουμένην
1505 2719 1592 2792 κατὰ
1624 2718 1667 2792 τδι

361 2816 645 2911 ἀπαγγελλόμενα.
686 2823 756 2890 ἐκεῖ
782 2819 846 2909 γὰρ
875 2815 1022 2910 εὑρήσεις
1054 2813 1108 2892 ότι
1138 2816 1275 2910 άρμόςει
1301 2820 1342 2893 τό
1372 2825 1597 2909 »ἐστερέωσεν
1624 2818 1668 2891 τὰ

360 2917 528 3010 πρόσωπα
549 2915 667 2991 αὐτῶν
687 2915 771 3008 ύπέρ
792 2925 922 3007 πέτραν
943 2928 1000 2990 καὶ
1022 2916 1084 2992 οῦκ
1097 2915 1269 3010 ἠθέλησαν
1283 2926 1538 3011 ἐπιστραφῆναι
1573 2916 1667 3010 κάγιδ

309 3037 343 3091 25
362 3021 451 3093 είπα·
473 3024 555 3102 ἰ’σως
581 3027 713 3108 πτωχοί
739 3024 835 3103 εἰσιν,
868 3013 922 3090 ότι
943 3016 1005 3090 ούκ
1027 3016 1199 3111 ῆθέλησαν
1220 3029 1348 3110 γνῶναι
1370 3016 1453 3092 όδὸν
1475 3028 1592 3109 κυρίου
1612 3027 1668 3093 καὶ

362 3128 470 3210 κρίσιν
506 3123 598 3190 θεοῦ.
649 3116 855 3206 πορεύσομαι
890 3117 976 3208 πρὸς
1007 3119 1087 3202 τούς
1117 3115 1241 3210 άδρούς
1271 3127 1326 3191 καὶ
1358 3117 1493 3209 λαλήσω
1524 3116 1669 3203 αῦτοῖςι.

363 3225 472 3290 ταῦτα
493 3213 615 3306 νοήσας
636 3224 714 3306 περὶ
735 3225 810 3288 τῶν
830 3217 875 3307 μὴ
897 3215 1080 3291 θελόντων
1100 3224 1333 3308 παιδευθῆναι,
1356 3218 1401 3309 μῆ
1421 3218 1600 3290 νοούντων
1614 3223 1669 3293 ἐπὶ

363 3337 436 3401 ταῖς
449 3314 603 3406 μάστιξιν
618 3323 680 3388 τοῦ
696 3322 789 3402 θεοῦ,
806 3324 907 3407 φησίν
922 3320 1091 3408 νενοηκὼς
1106 3317 1146 3390 τό
1159 3317 1298 3391 τούτων
1306 3323 1429 3392 α’ίτιον·
1444 3316 1565 3409 πτωχή
1577 3323 1670 3392 ἐστιν

363 3413 479 3488 αὐτῶν
502 3411 522 3505 ή
543 3415 649 3506 ψυχή.
679 3411 791 3506 »κάγώ
814 3419 904 3490 είπα·
926 3421 1009 3500 ἴσως
1029 3426 1164 3506 πτωχοί
1185 3424 1282 3503 εἰσιν,
1306 3415 1394 3490 διότι
1416 3413 1478 3488 οῦκ
1499 3415 1669 3510 ἠδυνήθη-

311 3533 346 3589 30
364 3541 435 3601 σαν,
459 3508 514 3587 ότι
536 3512 597 3588 ούκ
620 3519 770 3604 ἔγνωσαν
793 3512 876 3588 δδὸν
897 3525 1015 3606 κυρίου
1036 3525 1090 3589 καί
1112 3525 1222 3605 κρίσιν
1242 3523 1356 3589 θεοῦι.

449 3613 678 3706 »Πορεύσομαι
699 3615 786 3706 πρὸς
801 3617 882 3700 τούς
897 3612 1021 3707 άδροδς
1035 3624 1090 3687 καὶ
1106 3614 1243 3707 λαλήσω
1258 3613 1403 3701 αύτοῖςι.
1436 3622 1468 3691 σί
1483 3615 1580 3707 άδροὶ
1595 3639 1668 3704 ταῖς

365 3734 484 3804 ηιυχαῖς
506 3719 542 3786 ἐν
565 3719 695 3805 ἐπαίνῳ
717 3723 884 3805 λέγονται.
919 3723 975 3788 καί
996 3709 1221 3806 παρ’Ἕλλησι
1242 3715 1305 3806 γὰρ
1328 3715 1370 3789 τό
1393 3713 1499 3807 άδρὸν
1521 3726 1669 3808 συνεχῶς

364 3811 564 3904 ὀνομάζεται
585 3823 641 3886 καί
664 3815 705 3887 τὸ
727 3829 904 3906 μεγαλεῖον
927 3823 988 3905 τῆς
1009 3822 1145 3905 λογικῆς
1166 3822 1284 3906 ψυχῆς.
1300 3821 1312 3904 ΙΙ
1328 3809 1413 3888 όταν
1429 3813 1491 3905 γάρ
1505 3846 1559 3899 τις
1572 3815 1668 3907 μεγά-
1692 3830 1743 3884 100

365 3925 436 3998 λοις
462 3911 625 4002 ἐπιβάλλῃ
652 3913 843 4006 πράγμασιν
868 3923 925 3987 καὶ
950 3921 1130 4005 προθέσεις
1161 3919 1217 4004 έχη
1245 3911 1444 4004 ἀξιολόγους
1472 3923 1528 3986 καὶ
1558 3923 1669 4006 σκοπῆ

311 4029 345 4083 35
364 4012 414 4087 ἀεὶ
440 4013 483 4086 τὰ
510 4019 647 4098 δέοντα,
678 4021 753 4098 πῶς
779 4015 885 4103 βιάσῃ
907 4013 994 4087 κατὰ
1016 4013 1080 4086 τόν
1101 4011 1210 4104 όρθδν
1233 4011 1350 4106 λόγον,
1380 4021 1483 4104 μηδὲν
1505 4014 1669 4089 ταπεινὸν

363 4121 419 4186 καί
439 4111 561 4204 μικρὸν
583 4119 701 4187 θέλων
722 4119 803 4204 μηδέ
826 4109 929 4204 δρῶν,
952 4109 972 4186 δ
995 4121 1153 4199 τοιοῦτος
1175 4113 1217 4188 τὸ
1239 4110 1343 4204 άδρόν
1364 4121 1420 4185 καί
1436 4113 1476 4186 τὸ
1491 4128 1669 4205 μεγαλεῖον

449 4259 489 4318 10
506 4259 649 4324 1K0r.13,
663 4259 702 4314 12.
721 4289 754 4298 -
773 4259 812 4315 20
831 4259 895 4328 Vgl.
912 4259 1000 4314 Exod.
1012 4262 1036 4322 4.
1050 4261 1091 4314 21.

448 4379 468 4434 8
486 4373 553 4452 παρ’
572 4374 647 4450 αὐτῷ
666 4377 710 4432 Gh
727 4371 796 4449 παρ’
813 4373 900 4432 αὐτόν
918 4377 935 4432 S
951 4378 955 4444 Ι
974 4379 988 4432 7
1007 4377 1166 4449 γίγνηταιθ
1185 4378 1239 4449 vgl.
1257 4378 1283 4434 S.
1295 4379 1320 4445 9,
1332 4379 1368 4447 81
1385 4379 1423 4436 12
1437 4374 1591 4446 ἀκούοντες
1602 4379 1671 4435 vco

364 4460 535 4530 ἅκαύοῦντες
552 4463 640 4534 S[sic]
664 4464 668 4530 1
695 4461 781 4530 18119
802 4468 852 4531 τῆς
873 4469 965 4532 ψυχῆς
982 4461 1026 4516 Gh
1050 4464 1054 4530 Ι
1080 4462 1190 4519 81-8.
1206 4466 1249 4530 51,
1265 4465 1282 4520 6
1299 4461 1400 4520 Hierzu
1416 4463 1524 4534 Fmgm.
1540 4465 1575 4520 20
1591 4463 1621 4518 in
1638 4462 1672 4519 0:

364 4543 632 4704 ξέἒσςθ-ξσοίιιιμοειιτάς
655 4549 659 4616 Ι
683 4548 723 4604 80
739 4547 799 4619 καί]
817 4545 890 4603 κατὰ
903 4547 941 4614 V,
964 4546 1036 4602 doeh
1054 4548 1110 4618 vgl.
1123 4549 1149 4603 Z.
1162 4549 1195 4606 36
1219 4550 1223 4618 l
1248 4547 1288 4606 ⁸4
1306 4547 1459 4623 προθέσεις
1470 4547 1530 4603 V¹‘?
1549 4565 1573 4604 ει
1585 4549 1616 4604 R.
1634 4547 1673 4604 Go
