3702 5540
330 470 371 530 44
775 462 914 534 Origenes*
932 462 1193 520 Jeremiahomilien.

332 621 575 711 κλησιαστικὸν
605 622 750 710 κανόνα,
781 627 870 699 κατὰ
900 627 966 719 τήν
996 623 1163 718 πρόθεσιν
1193 631 1255 714 τῆς
1284 620 1400 714 δγιοῦς
1430 628 1646 706 διδασκαλίας

332 723 538 806 κοινωνικὸς
559 716 609 812 ής,
633 755 675 796 ου
665 720 1071 852 66666666666666666
1095 723 1439 814 ἀλλάπεριτέτμησαι
1458 751 1527 813 »τῳ
1509 729 1646 812 ’θεῷα

421 821 695 914 »Περιτμήθητει
722 817 785 898 οὖν
810 835 879 917 »τῷ
902 825 1019 919 θεῷ(
998 835 1105 918 υμῶν,
1126 858 1170 898 κα
1171 831 1423 914 ὶπεριτέμεσθε
1439 823 1504 914 Ι
1466 851 1532 913 την
1546 818 1646 911 ἀκρο-
1668 833 1717 890 100

333 930 473 1009 βυστίαν
503 929 566 1012 τῆς
594 923 785 1015 καρδίας“
763 933 889 1016 υμῶνι.
937 935 990 1011 τίς
1019 933 1129 1000 ταῦτα
1160 921 1201 998 06
1231 931 1435 1046 παρέρχεται
1465 920 1514 1005 εδς
1541 927 1649 1011 σαφής

300 1019 462 1095 δοάκοῦν
489 1025 583 1095 ἐστιν
605 1055 658 1108 τις
681 1022 887 1147 ἀκρρβυστία
909 1033 971 1118 τῆς
993 1035 1132 1118 καρδίας
1153 1033 1210 1099 καὶ
1232 1023 1363 1112 ταύτην
1385 1030 1437 1095 δεῖ
1454 1030 1648 1114 περιτέμνε-

336 1133 425 1195 σθαι.
469 1117 488 1194 6
512 1120 703 1212 ἀκριβώσας
723 1123 788 1198 τὸν
810 1122 917 1215 λόγον
938 1134 1083 1201 τοιαῦτα
1106 1133 1220 1216 ζητῶν
1245 1127 1283 1195 ἐν
1303 1130 1355 1214 τῷ
1371 1119 1470 1213 τόπῳ
1487 1119 1648 1208 ἐξετάσει·

337 1218 359 1312 6
382 1220 586 1313 ἀκροβυστία
608 1231 839 1313 συγγεννάται,
863 1222 884 1316 6
906 1227 1073 1351 περιτομή
1096 1220 1277 1316 ἐπίκτητός
1299 1229 1405 1308 ἐστιν,
1427 1215 1525 1294 266⁰
1506 1249 1650 1312 οπερ
1612 1225 1650 1292 ἐ

336 1330 500 1412 γενέσεως
522 1321 706 1412 ἐλήλυθεν,
728 1331 834 1398 τοῦτο
856 1346 1024 1417 περιαιρεῖ
1043 1322 1255 1416 ῆπεριτομή.
1291 1329 1320 1395 εί
1334 1330 1456 1396 τοίνυν
1471 1339 1649 1412 περιαιρεῖ-

338 1434 420 1494 σθαι
440 1422 569 1495 κελεύει
591 1417 610 1494 6
633 1419 736 1514 λόγος
760 1425 844 1515 »τήν
860 1423 1144 1516 ἀκροβυστίαν”
1101 1455 1164 1516 της
1178 1431 1346 1516 καρδίαςι,
1370 1417 1499 1509 ὀφείλει
1513 1449 1549 1492 τι
1565 1419 1651 1492 εἶναι

287 1535 321 1590 10
338 1529 649 1613 συγγεγεννημένον
670 1531 713 1613 τῆ
735 1531 865 1616 καρδίᾳ,
889 1519 1015 1615 ἀλέγει
1032 1523 1269 1616 ἀκροβυστίαν,
1293 1516 1378 1612 ὅπερ
1393 1524 1651 1612 περιαιρεθῆναι

340 1629 401 1706 δεῖ,
434 1626 489 1695 ἵνα
515 1651 569 1705 τις
594 1631 837 1714 περιτετμῆται
868 1624 951 1714 »τήν
974 1623 1201 1717 ἀκροβυστίαν
1222 1629 1285 1713 τῆς
1306 1629 1474 1712 καρδίαςι.
1518 1617 1578 1692 ἐάν
1599 1649 1652 1702 τις

340 1719 448 1842 νοῆση
478 1720 521 1795 τὸ
555 1717 684 1812 »ῆμεθα
714 1733 818 1797 τέκνα
849 1723 947 1811 φύσει
979 1721 1082 1816 ὀργῆς
1112 1755 1160 1808 ως
1186 1732 1243 1795 καὶ
1271 1727 1303 1796 οἱ
1330 1730 1482 1806 λοιποίε,
1513 1717 1573 1791 έάν
1600 1747 1651 1802 τις

341 1819 448 1942 νρήοη
474 1821 533 1893 »τὸ
556 1829 652 1912 σῶμα
673 1829 735 1913 τῆς
758 1825 1016 1908 ταπεινώσεωςι
1042 1817 1121 1897 έν
1095 1855 1124 1916 ῳ
1139 1819 1382 1914 γεγεννήμεθα,
1404 1819 1465 1893 ἐαν
1476 1850 1529 1902 τις
1544 1815 1651 1908 νοήση

341 1921 382 1994 τὸ
409 1919 536 2004 »οὐδεὶς
557 1922 755 2013 καθαρὸς’
735 1923 802 1996 απὸ
825 1923 945 2014 ῥύπου,
969 1922 1048 1998 οὐδὲ
1069 1931 1098 1997 εί
1119 1932 1178 2014 μία
1200 1920 1359 2044 ῆμέρα”
1328 1949 1379 2010 ειη
1402 1916 1423 2010 6
1446 1917 1516 2008 ζωή
1533 1915 1651 1990 αδτοῦ·

256 2041 324 2098 236
342 2018 585 2112 ἀριθμητοὶδέ,
604 2029 731 2146 Ιμῆνες
753 2022 890 2109 αὗτοῦι,
913 2018 1036 2113 ὄψεται
1058 2032 1136 2096 τίνα
1158 2020 1293 2114 τρόπον
1315 2017 1547 2112 γεγεννήμεθα
1568 2016 1653 2107 μετὰ

343 2118 554 2212 ἀκαθαρσίας
575 2129 630 2193 καὶ
654 2120 877 2247 ἀκροβυστίας
899 2131 961 2215 τῆς
983 2120 1164 2214 καρδίας“
1144 2131 1250 2214 ημῶν.

428 2233 474 2294 15.
489 2215 562 2293 Ἵνα
588 2227 623 2293 δέ
648 2223 738 2295 κατὰ
763 2224 805 2297 τὸ
833 2221 1071 2314 ἀπλοόστερον
1096 2220 1308 2312 παράδειγμα
1335 2227 1441 2309 λεχθῇ
1464 2214 1654 2306 δυνάμενον

343 2341 571 2442 προσαγαγεῖν
598 2318 682 2412 δμᾶς
708 2331 760 2415 τῷ
786 2328 869 2395 ἰδεῖν
898 2323 982 2413 »τὴν
1010 2320 1235 2413 ἀκροβυστίαν
1256 2327 1319 2410 τῆς
1339 2328 1514 2412 καρδίαςι,
1547 2343 1654 2404 παρα·

344 2417 494 2510 θήσομαι
517 2414 571 2492 ὅτι
592 2422 681 2494 κατὰ
703 2424 768 2514 τῆν
790 2423 936 2514 πρώτην
958 2419 1094 2512 ῆλικίαν
1108 2429 1326 2510 φευδοδοξίαι
1340 2417 1484 2502 πάντας
1498 2424 1655 2506 γίνονται

293 2525 382 2592 2οέν
403 2528 446 2609 τῆ
468 2529 573 2610 φυχῆ·
596 2518 638 2643 66
658 2522 722 2614 γὰρ
745 2519 821 2596 οἶόν
843 2528 919 2596 τέέ
920 2547 996 2594 στιν
1020 2520 1169 2612 ἀρχῆθεν
1192 2518 1304 2642 ἀληθῆ
1328 2516 1480 2609 δόγματα
1494 2522 1582 2606 <καὶ>
1597 2545 1653 2586 κα·

343 2620 437 2711 θαρά
458 2631 574 2707 λαβεῖν
596 2620 660 2693 τὸν
682 2621 884 2713 ἄνθρωπον.
927 2620 1165 2713 προενοήσατο
1190 2616 1259 2692 66‘
1240 2649 1258 2692 6
1274 2631 1370 2704 θεῖος
1384 2615 1487 2707 λόγος
1502 2621 1653 2706 ἱστορίας

343 2726 399 2792 καὶ
429 2726 562 2810 γραφῆς
591 2728 653 2811 τῆς
683 2723 772 2795 κατὰ
793 2720 834 2794 τὸ
857 2719 972 2812 ῥητόν,
1004 2724 1060 2795 ἵνα
1082 2729 1195 2812 θρέφη
1217 2721 1282 2794 τὸν
1303 2719 1392 2792 κατὰ
1411 2716 1518 2808 σάρκα
1542 2742 1653 2805 γεγεν·

343 2827 493 2909 νημένον
514 2828 566 2911 τῷ
587 2818 731 2913 Ἀβραάμ
754 2827 790 2894 ἐν
812 2842 887 2906 τοῖς
908 2823 997 2895 κατὰ
1019 2820 1126 2911 σάρκα
1150 2829 1294 2910 πρῶτον
1314 2817 1430 2909 λόγοις
1444 2823 1500 2890 καὶ
1515 2825 1653 2905 γένηται

343 2927 485 3009 πρῶτος
504 2915 537 2990 »δ
559 2925 597 2992 ἐκ
618 2929 680 3011 τῆς
701 2930 904 3010 παιδίσκης,
936 2926 982 3006 εἰς
1004 2922 1045 2994 τὸ
1069 2927 1258 3010 δυνηθῆναι
1279 2919 1365 3010 μετὰ
1387 2924 1517 2991 τοῦτον
1539 2943 1653 3005 γεννη-

293 3033 326 3087 25
344 3025 449 3109 θῆναι
476 3017 550 3090 τὸν
561 3027 636 3110 »τῆς
655 3026 837 3111 ἐλευθέρας
858 3030 914 3093 καὶ
936 3021 1000 3094 τὸν
1023 3021 1077 3093 διὰ
1097 3028 1160 3110 τῆς
1182 3025 1401 3110 ἐπαγγελίας.
1444 3023 1473 3090 εί
1496 3013 1654 3103 νενόηται

344 3125 451 3190 τοῦτο
480 3119 534 3190 διὰ
560 3128 595 3191 τί
621 3119 845 3210 παρελήφθη,
878 3120 1021 3194 δύναται
1047 3132 1202 3194 νοεῖσθαι
1225 3117 1245 3209 6
1267 3117 1472 3210 ἀκροβυστία
1493 3123 1555 3208 τῆς
1576 3144 1655 3202 καρ·

346 3223 418 3300 δίας
444 3227 674 3309 προγινομένη
701 3226 763 3308 τῆς
791 3227 986 3340 περιτομῆς.
1026 3228 1121 3310 χρεία
1148 3211 1211 3291 οὖν
1233 3215 1312 3309 ῆμῖν
1334 3218 1398 3291 τὸν
1421 3214 1527 3306 λόγον
1548 3245 1655 3306 παρα·

346 3326 461 3402 λαβεῖν
483 3317 547 3390 τὸν
568 3328 784 3409 καθαίροντα
806 3319 850 3391 τὰ
872 3317 1023 3409 δόγματα
1045 3328 1102 3392 καὶ
1115 3325 1359 3410 περιαιροῦντα
1372 3315 1489 3389 πάντα
1503 3315 1548 3388 τὰ
1563 3311 1656 3406 γενό-

345 3445 430 3506 μενα
461 3416 549 3488 κατὰ
579 3425 806 3506 ψευδοδοξίαν
838 3425 875 3491 ἐν
906 3416 992 3510 ῆμῖν.
1035 3425 1143 3492 τοῦτο
1176 3412 1238 3492 οὖν
1268 3423 1360 3490 ἐστιν
1390 3418 1432 3488 τὸ
1461 3413 1657 3489 ἀποθέσθαι

295 3529 329 3582 30
346 3516 411 3606 τήν
442 3514 669 3606 ἀκροβυστίαν
698 3526 760 3608 τῆς
789 3516 980 3610 καρδίαςε
959 3526 1070 3610 ημῶν·
1105 3525 1134 3590 εί
1165 3517 1229 3637 γὰρ
1259 3522 1380 3606 καρδία
1412 3517 1552 3588 ἐστίν’
1537 3541 1657 3604 εχουσα

344 3613 424 3687 καθ’
452 3613 538 3706 ῆμάς
564 3617 605 3689 τὸ
628 3614 845 3709 ἡγεμονικόν,
877 3621 963 3692 ἔνθα
985 3624 1077 3692 ἐστὶν
1099 3617 1143 3690 τὰ
1165 3614 1335 3708 νοήματα,
1369 3609 1454 3688 ὅθεν
1479 3619 1512 3688 ολ
1532 3622 1657 3688 »διαλο-

346 3724 457 3807 γισμοὶ
484 3720 678 3806 ἐξέρχονται
705 3722 738 3790 οἱ
765 3727 939 3810 6066666,
971 3713 1292 3810 όπεριαιροόμενος
1314 3716 1396 3799 τοὺς
1419 3714 1657 3806 διαλογισμοὺς

432 3887 469 3942 12
488 3886 558 3956 Εμίι.
571 3888 595 3950 2,
607 3889 631 3942 3.
650 3918 683 3927 -
702 3889 741 3945 16
759 3888 823 3959 vgl.
836 3889 907 3944 PhiL
921 3890 945 3956 3,
958 3891 999 3944 21.
1017 3919 1050 3928 -
1071 3888 1111 3944 14
1128 3887 1201 3943 Hiob
1214 3889 1255 3954 14,
1266 3891 1291 3942 4.
1304 3891 1329 3944 5.
1364 3887 1428 3956 vgl.
1447 3904 1495 3941 zur
1512 3885 1592 3940 δοται
1610 3885 1658 3938 dos

346 3970 434 4024 citata
452 3971 481 4024 in
498 3971 598 4025 Matth.
613 3972 791 4036 Tom.15.23
809 3973 858 4043 (Lo
870 3975 894 4041 5,
907 3975 978 4043 376:
997 3970 1070 4028 κατὰ
1088 3971 1142 4042 μὲν
1158 3973 1209 4039 τήν
1228 3970 1337 4043 γένεσιν
1355 3969 1446 4036 οὐδείς
1458 3965 1516 4026 ἐστι
1527 3967 1659 4041 καθαρὸς

346 4052 404 4110 ἀπὸ
422 4052 521 4127 ρίτιου,
540 4052 598 4111 οίιδΙ
616 4054 643 4112 εί
658 4058 710 4126 μία
728 4056 821 4128 ἡμέρα
838 4053 881 4126 είη
899 4057 915 4126 6
935 4059 991 4126 ζωή
1010 4054 1105 4122 αὐτοῦ,
1124 4055 1207 4112 elem.
1226 4057 1303 4112 Rom.
1323 4055 1358 4111 ad
1371 4055 1431 4112 Cor.
1443 4056 1464 4120 1,
1477 4057 1518 4117 17,
1530 4059 1554 4121 4,
1573 4053 1658 4109 Oleum

345 4138 424 4194 Alex.
443 4140 541 4194 Strom.
559 4141 606 4207 ΙΙΙ,
626 4143 666 4206 17,
684 4143 741 4198 100.
768 4173 801 4182 —
821 4141 902 4197 226.
921 4141 984 4211 vgl.
1004 4141 1063 4196 Gal.
1081 4143 1106 4204 4,
1124 4141 1165 4195 23.
1184 4171 1216 4180 -
1240 4139 1658 4211 861v31.inJoh.Tom.2‚36

347 4225 583 4293 ΙΒτΙ,104,1ίί.Ι;
606 4223 651 4280 διὰ
672 4225 707 4282 τὸ
726 4223 756 4282 έν
774 4225 852 4300 μέσῳ
869 4233 922 4281 τοῦ
939 4224 1047 4291 παντὸς
1063 4219 1136 4281 εἶναι
1155 4223 1289 4293 σώματος
1305 4227 1356 4293 τὴν
1373 4226 1505 4297 καρδίαν,
1528 4221 1559 4279 ἐν
1577 4222 1606 4279 δὲ
1622 4227 1657 4292 τῇ

346 4309 448 4383 καρδίᾳ
465 4307 499 4364 τὸ
517 4309 697 4379 ἡγεμονικόν,
715 4327 742 4364 u.
754 4315 778 4365 6.
796 4341 830 4350 -
848 4311 886 4366 81
909 4309 1083 4380 ῖςεειαια.
1098 4312 1192 4376 1510.
1211 4339 1244 4350 ·-
1263 4309 1301 4365 86
1321 4308 1384 4379 vgl.
1397 4307 1471 4362 Hier.
1484 4307 1588 4363 Oomm.
1599 4307 1657 4364 865.

434 4458 453 4514 6
473 4459 699 4532 περιῗτμῆθητε
711 4460 728 4514 8
744 4462 748 4528 Ι
762 4463 779 4516 5
798 4458 901 4517 οίικοΐν
914 4461 952 4515 Co
971 4457 1025 4516 οὐκ
1043 4456 1079 4516 ἀν
1091 4461 1109 4514 S
1124 4461 1128 4526 Ι
1142 4478 1191 4528 της
1205 4459 1238 4514 S*
1251 4477 1294 4524 τις
1306 4459 1387 4512 Scort-
1403 4455 1612 4536 Ιοίκροβυστίας
1624 4458 1656 4512 S*

349 4539 520 4616 ἀκροβυστία
539 4545 620 4598 Scorr.
645 4546 649 4612 Ι
674 4546 711 4601 ll
736 4542 936 4617 περιτέτμηται
953 4545 971 4598 S
996 4544 1000 4610 Ι
1026 4544 1065 4600 14
1087 4541 1115 4600 εί
1132 4543 1202 4597 veo
1224 4543 1278 4612 68
1301 4545 1305 4610 Ι
1329 4541 1430 4614 ἡμέρα]
1454 4542 1556 4611 61'1ber
1573 4539 1633 4597 ets
1653 4543 1656 4609 Ι
1689 4555 1694 4566 ·

351 4627 391 4683 26
408 4625 513 4682 xalGh
528 4631 533 4695 Ι
548 4628 588 4684 θθ
606 4626 640 4698 εί]
658 4627 722 4697 6V.
