3658 5566
569 452 620 507 Die
637 451 758 507 Homilie
774 452 843 507 fiber
860 454 872 507 Ι
884 454 956 510 Sam.
968 455 1009 524 28,
1021 457 1114 511 3-25.
1430 459 1493 523 289

188 618 250 701 τὰς
272 616 380 705 ψυχὰς
403 614 464 698 τὰς
487 617 617 704 ἑτέρας·
638 615 712 686 εἶτα
732 613 816 705 μετὰ
839 623 945 690 τοῦτο
961 616 1020 688 ἐὰν
1035 613 1260 708 ἀποκρίνηται
1276 609 1330 688 ότι
1347 613 1495 704 Χριστός

189 725 235 802 είς
254 709 339 810 ῆδου
358 721 595 807 καταβέβηκεν,
610 719 691 803 ἐριῦ·
713 715 860 806 Χριστὸς
875 723 922 800 είς
935 710 1020 808 ῆδου
1034 721 1262 804 καταβέβηκεν
1276 724 1310 786 τί
1323 713 1495 805 ποιῆσων;

188 816 338 908 νικῆσων
368 811 389 904 ἢ
421 813 689 905 νικηθησόμενος
717 812 785 888 ύπό
816 821 879 888 τοῦ
908 813 1080 901 θανᾶτου;
1108 822 1165 887 καὶ
1189 813 1422 906 κατελῆλυθεν
1448 819 1495 898 είς

189 917 233 990 τόι
261 923 371 1006 χωρία
401 919 512 986 ἐκεῖνα
543 910 604 1003 ούχ
635 910 683 998 σός
709 923 831 999 δοῦλος
862 922 937 987 τῶν
961 920 1042 1001 ἐκεῖ,
1068 910 1143 988 ἀλλ’
1166 911 1214 998 σός
1240 911 1405 1004 δεσπότης
1431 943 1494 985 πα-

155 1022 327 1100 ῦλαίσων,
356 1010 404 1098 σός
429 1013 552 1103 πρώην
574 1017 730 1104 ἐλέγομεν
751 1013 967 1105 ἐξηγούμενοι
988 1015 1052 1088 τόν
1070 1016 1123 1087 κε’
1146 1011 1292 1102 Ψαλμόν.
1327 1011 1494 1102 »περιεκύ-

188 1112 329 1188 κλωσάν
354 1141 395 1203 με
420 1110 539 1201 μόσχοι
560 1122 701 1198 πολλοί,
726 1119 847 1202 ταῦροι
868 1123 985 1199 πίονες
1005 1119 1184 1204 περιέσχον
1205 1137 1257 1205 με·
1278 1109 1420 1202 ἤνοιξαν
1442 1109 1495 1184 ἐπ’

189 1219 245 1306 ἐμὲ
275 1214 317 1287 τὸ
344 1210 453 1304 στόμα
481 1209 609 1297 αῦτῶν,
642 1209 690 1296 ιός
716 1219 807 1285 λέων
833 1210 996 1302 ἀρπάζων
1020 1221 1076 1286 καὶ
1103 1211 1304 1303 ἀρυόμενος.
1347 1219 1497 1302 διεσκορ-

189 1324 363 1406 πίσθησαν
394 1313 438 1384 τὰ
471 1307 555 1384 όστᾶ
587 1341 683 1402 μουι.
731 1312 940 1404 μεμνήμεθα,
971 1320 1037 1404 εἴγε
1066 1311 1262 1404 μεμνῆμεθα
1293 1319 1368 1384 τῶν
1393 1316 1497 1404 ἱερῶν

189 1411 416 1504 γραμμάτων·
445 1419 610 1503 μέμνημαι
644 1410 707 1501 γὰρ
738 1409 857 1484 αύτῶν
886 1418 1074 1505 εἰρημένων
1103 1419 1151 1496 είς
1180 1411 1244 1484 τὸν
1270 1410 1322 1482 κα’
1352 1407 1496 1499 Ψαλμόν.

139 1531 173 1587 10
190 1511 316 1586 ούκοῦν
339 1508 358 1584 ό
381 1512 496 1603 σωτὴρ
514 1509 748 1601 κατελῆλυθεν
763 1513 900 1585 σώσων·
922 1510 1156 1604 κατελήλυθεν
1170 1516 1240 1584 ἐκεῖ
1251 1519 1498 1601 προκηρυχθείς

190 1610 258 1686 ύπὸ
284 1621 359 1686 τῶν
384 1619 581 1701 προφητῶν
607 1607 629 1700 ἢ
657 1605 713 1698 οῦ,·
744 1609 815 1683 ἀλλ’
838 1610 962 1686 ἐνθάδε
987 1619 1049 1702 μὲν
1074 1610 1312 1701 προεκηρῦχθη
1333 1608 1401 1682 ἀπὸ
1425 1618 1499 1680 τῶν

191 1718 393 1803 προφητῶν,
425 1708 575 1800 ἀλλαχοῦ
604 1715 641 1782 δὲ
669 1717 866 1800 κατέρχεται
897 1709 938 1785 ού
965 1711 1020 1784 διά
1045 1718 1254 1802 προφητῶν;
1288 1718 1345 1781 καὶ
1370 1715 1499 1799 Μωσῆς

191 1809 298 1884 αῦτὸν
327 1810 483 1900 κηρύσσει
511 1807 763 1900 ἐπιδημήσαντα
791 1819 841 1902 τῷ
873 1818 961 1900 γένει
986 1818 1060 1882 τῶν
1091 1807 1310 1900 ἀνθρώπων,
1333 1807 1421 1882 ὥστε
1447 1815 1497 1880 λέ-

191 1923 310 2002 γεσθαι
340 1919 454 1993 καλῶς
484 1907 550 1981 ύπὸ
582 1917 646 1983 τοῦ
675 1920 793 1998 κυρίου
821 1917 877 1982 καὶ
903 1916 1060 2000 σωτῆρος
1085 1906 1193 1999 ἡμῶν·
1234 1916 1279 1982 »εί
1305 1907 1499 1982 ἐπιστεύετε

142 2032 174 2084 15
192 2021 317 2096 Μωσεῑ,
348 2008 541 2082 ἐπιστεύετε
573 2007 614 2080 ἀν
645 2014 730 2099 ἐμοί·
762 2018 839 2100 περὶ
869 2009 932 2099 γὰρ
959 2015 1041 2100 ἐμοῦ
1066 2013 1192 2092 ἐκεῖνος
1215 2013 1368 2098 ἔγραψεν.
1411 2014 1440 2080 εί
1462 2014 1498 2079 δὲ

193 2129 267 2194 τοῖς
289 2114 420 2182 ἐκείνου
441 2107 628 2199 γράμμασιν
650 2105 692 2180 ού
711 2111 905 2194 πιστεύετε,
919 2117 995 2192 πῶς
1014 2127 1089 2194 τοῖς
1110 2115 1201 2199 ἐμοῖς
1223 2108 1344 2199 ῥήμασι
1365 2107 1498 2179 πιστεύ-

193 2235 306 2301 σητε;ι
336 2217 392 2281 καὶ
420 2207 659 2298 ἐπιδεδῆμηκεν
687 2208 802 2296 τούτῳ
825 2218 876 2300 τῷ
898 2217 962 2300 βίῳ
985 2208 1132 2298 Χριστός
1152 2215 1208 2279 καὶ
1229 2207 1498 2298 προκηρύσσεται

194 2309 342 2399 Χριστὸς
369 2314 543 2399 ἐπιδημῶν
569 2307 686 2398 τούτῳ
713 2315 765 2399 τῷ
788 2315 860 2400 βίῳ.
903 2311 932 2380 εί
954 2312 990 2379 δὲ
1011 2313 1138 2396 Μωσῆς
1160 2307 1368 2397 προφητεύει
1391 2304 1500 2379 αὐτὸν

194 2406 330 2491 ἐνθάδε,
372 2405 413 2479 ού
448 2416 561 2492 θέλεις
600 2404 707 2480 αὐτόν
747 2404 844 2479 κάκεῖ
876 2412 1153 2498 καταβεβηκέναι,
1188 2408 1245 2478 ἵνα
1280 2404 1499 2498 προφητεύση

143 2526 177 2580 20
195 2508 346 2596 Χριστὸν
371 2506 581 2592 ἐλεύσεσθαι,·
611 2511 646 2578 τί
672 2513 723 2590 δέ;
752 2514 880 2597 Μωσῆς
905 2513 979 2596 μέν,
1007 2511 1039 2578 σί
1061 2515 1097 2581 δὲ
1119 2510 1193 2596 ἑξῆς
1213 2513 1391 2597 προφῆται
1412 2503 1501 2595 ούχί,·

195 2607 357 2696 Σαμουὴλ
388 2611 424 2676 δέ
454 2603 543 2695 οῦχί;
572 2613 607 2677 τί
636 2603 771 2678 ἀτοπόν
803 2612 873 2678 ἐστι
899 2607 981 2691 τοῦς
1008 2607 1148 2694 ἰατρούς
1173 2615 1388 2695 καταβαίνειν
1414 2604 1503 2695 πρὸς

196 2708 278 2789 τοῦς
299 2713 414 2788 κακῶς
435 2707 592 2794 έχοντας,·
613 2712 647 2776 τί
668 2709 705 2775 δέ
726 2703 860 2777 ἀτοπύν
884 2711 976 2778 ἐστιν
998 2710 1053 2778 ἵνα
1071 2713 1127 2778 καί
1143 2701 1162 2778 ό
1177 2702 1357 2794 ἀρχίατρος
1369 2711 1501 2792 καταβῇ

196 2805 283 2894 πρὸς
304 2804 386 2887 τούς
406 2810 520 2888 κακῶς
542 2807 699 2893 ἔχοντας·
725 2809 846 2876 ἐκείνοι
866 2811 928 2894 μὲν
950 2812 1062 2896 ἰατροὶ
1084 2798 1169 2894 ἦσαν
1190 2814 1324 2889 πολλοί,
1347 2801 1366 2876 ό
1389 2810 1425 2876 δέ
1446 2803 1501 2874 κύ·

197 2901 269 2996 ριός
294 2932 360 2993 μου
385 2912 441 2975 καί
462 2901 579 2993 σωτὴρ
600 2900 781 2994 ἀρχίατρός
802 2909 888 2976 ἐστι·
916 2911 972 2976 καὶ
993 2905 1066 2994 γὰρ.
1079 2904 1146 2996 τῆν
1161 2909 1172 2996 ΙΙ
1188 2907 1287 2977 ἐνδον
1309 2909 1501 2992 ἐπιθυμίαν,
1519 2919 1553 2984 11,
1565 2917 1618 2973 495

145 3023 177 3074 25
196 3005 217 3095 ἢ
239 2999 281 3075 ού
302 3003 444 3076 δύναται
464 3001 532 3074 ἀπὸ
555 3003 673 3075 ἀλλων
696 3009 962 3092 θεραπευθῆναι,
986 3000 1088 3088 αῦτὸς
1110 3003 1301 3094 θεραπεύει·
1325 2999 1400 3092 ἥτις
1424 2997 1503 3073 »οῦκ

112 3117 179 3170 177r
196 3109 328 3192 ἴσχυσεν
358 3099 415 3174 ῦπ’
437 3099 575 3184 ούδενός
598 3107 602 3189 Ι
625 3109 900 3192 θεραπευθῆναιι
935 3111 1010 3176 τῶν
1035 3109 1181 3194 ἰατρῶν,
1209 3101 1357 3194 Χριστός
1381 3098 1503 3190 Ἰησοῦς

197 3200 305 3292 αύτῆν
333 3200 518 3290 θεραπεύει.
560 3200 606 3290 μὴ
632 3209 756 3289 φοβοῦ,
783 3202 827 3293 μὴ
855 3209 1000 3293 θαμβοῦ·
1030 3200 1153 3293 Ἰησοῦς
1179 3207 1225 3287 είς
1251 3197 1335 3294 ᾅδου
1355 3207 1503 3290 γέγονεν,

196 3310 253 3374 καὶ
284 3303 316 3373 ol
348 3305 526 3390 προφῆται
555 3301 624 3391 πρὸ
655 3298 769 3388 αύτοῦ,
800 3310 855 3373 καί
881 3302 1150 3392 προκηρύσσουσι
1176 3309 1239 3374 τοῦ
1262 3307 1413 3392 Χριστοῦ
1439 3299 1507 3389 τὴν

198 3405 383 3488 ἐπιδημίαν.

147 3519 181 3572 30
282 3512 309 3571 7.
339 3501 424 3571 Εἱτα
450 3506 506 3571 καί
534 3499 620 3573 ἀλλο
648 3531 681 3570 τι
707 3505 801 3572 θέλω
829 3507 936 3574 είπείν
963 3496 1019 3573 ἀπ’
1042 3499 1145 3590 αύτῆς
1172 3506 1233 3590 τῆς
1255 3507 1393 3591 γραφῆς.
1435 3508 1506 3572 Σα-

198 3600 305 3688 μουὴλ
328 3594 507 3685 ἀναβαίνει,
529 3607 584 3670 καὶ
608 3608 642 3671 τί
664 3607 714 3690 τῷ
731 3599 846 3672 Σαούλ
869 3606 958 3690 λέγει
981 3601 1166 3688 ἑωρακέναι
1188 3598 1208 3693 ῆ
1231 3598 1330 3690 γυνῆ;
1357 3597 1398 3673 ού
1419 3605 1507 3688 λέγει

285 3787 303 3842 ὅ
321 3786 393 3840 Ρεεί.
406 3787 447 3848 21,
461 3787 569 3841 13-15.
583 3801 621 3826 ·-
640 3787 677 3842 18
694 3786 758 3857 Vgl.
770 3787 850 3843 Dent.
864 3787 958 3851 18,15.
975 3817 1008 3826 -
1029 3787 1067 3843 14
1080 3787 1141 3843 Joh.
1154 3791 1178 3856 5,
1190 3791 1232 3845 46.
1244 3791 1286 3844 47.
1299 3817 1332 3826 -
1350 3785 1508 3856 2111.ng

130 3863 132 3868 ’
199 3873 228 3925 in
246 3871 345 3925 Matth.
358 3871 434 3925 Tom.
448 3872 488 3936 15,
500 3873 533 3925 35
552 3870 600 3940 (Lo
613 3873 637 3934 3,
649 3871 721 3940 400):
746 3873 805 3927 Καί
817 3873 953 3940 Σαμουὴλ
971 3879 1042 3942 γοῦν
1058 3867 1111 3940 ἐξω
1125 3870 1258 3942 σώματος
1269 3869 1422 3944 εἰργάσατο
1435 3886 1506 3942 προ·

201 3953 329 4026 φητεύων
346 3957 395 4010 καί
413 3947 552 4027 Ἱερεμίας
569 3951 724 4024 εέχδμενας
745 3950 816 4027 ὑπὲρ
838 3963 889 4010 τοῦ
905 3959 984 4013 λαοῦ.
1002 3986 1036 3997 -
1055 3957 1095 4013 28
1114 3956 1176 4026 vgl.
1194 3957 1282 4012 Mark.
1299 3959 1324 4019 ὃ,
1342 3957 1376 4012 26
1393 3956 1455 4010 Par.
1474 3985 1505 3996 -

200 4040 238 4095 25
257 4039 320 4111 vgl.
333 4041 401 4094 Luk.
417 4040 441 4104 8,
454 4041 495 4093 43.
513 4068 546 4078 —
565 4040 643 4096 am.
665 4038 1104 4110 vgl.Pseud0hipp.1.0.z.4ff.:
1128 4041 1221 4110 φησίν,
1240 4046 1316 4106 »πῶς
1333 4031 1384 4096 σῦν
1402 4039 1418 4108 ὴ
1437 4041 1507 4110 γυνὴ

200 4122 327 4194 ἐπτοήθη
339 4125 388 4180 καί
401 4122 479 4196 παρὰ
492 4122 525 4178 τὸ
538 4116 606 4189 ἔθος
618 4118 690 4180 εἶδεν
702 4121 835 4190 ἀνιόντας
847 4119 1033 4196 ἀνθρώπους·
1052 4121 1079 4180 εί
1089 4122 1144 4197 γάρ
1156 4124 1196 4192 μὴ
1208 4121 1287 4196 παρὰ
1299 4123 1332 4180 τδ
1346 4119 1414 4189 ἐθος
1425 4116 1509 4188 εἶδεν,

202 4207 254 4266 οὐκ
272 4204 307 4265 ἀν
326 4203 412 4274 εἶπεν,
433 4206 533 4273 »θεοὺς
550 4205 758 4280 ἀναβαίνοντας
775 4205 808 4264 ἐκ
824 4215 873 4276 τῆς
894 4218 946 4279 γῆς
966 4205 1025 4279 ἐγὼ
1047 4205 1134 4282 δρῶν
1153 4203 1205 4265 ένα
1223 4205 1364 4274 ἐκάλεσεν,
1381 4209 1430 4264 καί
1447 4213 1510 4272 πῶς

202 4290 328 4362 ἀνῆλθον
346 4293 478 4356 πολλοί«,·
496 4293 525 4349 τί
542 4285 606 4364 οῦνζ
626 4289 700 4348 ὅλων
718 4299 775 4348 τῶν
794 4291 941 4362 φανέντων
959 4291 1054 4363 φαμέν
1072 4289 1204 4349 ἀνελθεῖν
1222 4292 1273 4358 τάς
1290 4289 1383 4364 ψυχάς
1399 4296 1457 4348 κτλ.
1463 4310 1473 4356 ,·

286 4444 305 4498 2
332 4441 381 4513 είς]
404 4440 435 4498 έν
452 4443 481 4497 Μ
505 4445 510 4513 Ι
532 4442 552 4499 4
573 4443 710 4512 δεσπότης
732 4443 774 4497 Μι
792 4442 940 4511 δεῖσπδτης
961 4443 1006 4496 Μ*
1031 4445 1036 4511 Ι
1060 4442 1099 4498 28
1122 4437 1226 4496 ἐκεῖνοι
1246 4439 1300 4510 μὲν
1318 4439 1412 4515 ἰατροί
1429 4443 1509 4497 Βίεεε

202 4523 405 4593 ἐκείναιξξξ
424 4526 516 4600 ίατρολ
533 4526 587 4596 μὲν
604 4527 633 4581 Μ
652 4529 712 4596 124
730 4525 884 4600 ἀρχιατρδς
900 4527 936 4581 Δί
955 4523 1120 4600 ἀρχιϊατρός
1136 4525 1166 4578 Μ
1185 4526 1190 4592 Ι
1208 4525 1243 4580 θλ
1262 4527 1290 4580 τί
1306 4527 1356 4601 τῷ]
1376 4525 1436 4582 ἰδοῦ
1453 4527 1481 4581 Μ
1502 4529 1507 4597 1

202 4610 218 4681 ὴ
237 4613 436 4754 γὸᾮνέομξὶωθ.
448 4615 507 4678 286,
519 4613 575 4669 23f.
592 4613 686 4683 ψυχήν
702 4612 732 4664 Μ
747 4613 751 4679 Ι
768 4612 805 4668 81
820 4612 982 4680 u.S.290,1
1001 4607 1157 4684 ἑωρακέναι
1174 4609 1209 4664 ΑΙ
1225 4606 1376 4752 ἐνημμέναι
1392 4613 1429 4666 Μ.
