3702 5540
761 443 901 518 origonoe’
919 444 1177 501 Jeremiahomilien.

395 740 467 819 Εἰς
488 735 535 810 τό
561 733 652 808 »καὶ
673 732 792 808 εἶπεν
815 728 966 828 κύριος
987 727 1092 828 πρός
1113 759 1163 824 με
1187 733 1231 805 ἐν
1252 736 1345 814 ταῖς
1366 730 1546 830 ἡμέραις

315 871 496 946 Ἰωσίουι
520 871 646 968 μέχρι
672 875 752 944 τοῦ
776 864 1023 942 »ἐδικαίωσε
1045 863 1121 960 τὴν
1142 864 1287 964 ψυχήν
1309 867 1446 942 αὐτοῦ
1461 865 1627 964 Ἰσραήλ

657 1002 737 1077 άπὸ
757 1009 831 1098 τῆς
852 1001 1102 1075 ἀσυνδέτου
1116 997 1290 1076 Ἰούδαι.

865 1218 1014 1314 Ὁμιλία
1036 1216 1083 1295 δ’.

285 1413 304 1466 5
407 1411 433 1468 1.
462 1392 558 1468 Αύτό
589 1394 631 1468 τό
662 1395 769 1486 ῥητὸν
798 1403 860 1487 τῆς
891 1394 1165 1486 ἀναγνωσθείσης
1195 1401 1316 1482 λέξεως
1344 1399 1408 1485 ἐχει
1434 1425 1469 1467 τι
1495 1390 1631 1481 άσαφές,

323 1491 409 1583 άπερ
429 1493 601 1587 πρότερον
622 1493 800 1586 νοηθήτοι·
822 1502 878 1568 καὶ
899 1496 983 1582 μετά
1006 1502 1122 1582 τοῦτο,
1145 1494 1205 1567 ἐάν
1227 1491 1343 1578 όθεός
1358 1502 1450 1585 διδῷ,
1474 1491 1632 1583 εἰσόμεθα

322 1596 364 1667 τό
407 1591 539 1684 αύλημα
561 1591 668 1667 αύταῦ
689 1597 731 1667 τὸ
753 1593 925 1686 μυστικόν.
962 1593 1122 1686 <ούιι>οῦν
1143 1601 1237 1668 θέλει
1259 1591 1345 1685 ἡμᾶς
1367 1600 1489 1667 εἰδέναι
1504 1598 1541 1664 ἐν
1555 1592 1633 1666 τού-

322 1725 396 1778 τοις
422 1687 490 1780 ότι,
524 1691 572 1778 οδς
593 1699 631 1768 ἐν
651 1713 726 1778 ταῖς
748 1704 942 1780 Βασιλείαις
963 1703 1163 1818 γέγραπται,
1191 1701 1331 1784 διηρέθη
1353 1690 1372 1766 6
1394 1693 1537 1777 λαὸςέν
1558 1710 1632 1775 τοῖς

322 1791 459 1886 χρόνοις
479 1789 620 1885 Ῥοβοάμ
650 1801 697 1878 εἰς
727 1795 793 1887 τήν
821 1794 889 1870 ύπδ
915 1793 1083 1886 Ἰεραβοάμ
1109 1802 1281 1881 βασιλείαν
1308 1802 1383 1866 τῶν
1410 1801 1489 1866 δέκα
1511 1801 1633 1880 φυλῶν

272 1906 307 1961 10
323 1901 379 1966 καί
408 1901 454 1978 εἰς
480 1892 546 1984 τήν
566 1891 634 1968 ύπό
655 1891 795 1986 Ῥοβοάμ
816 1895 876 1968 δύο
899 1903 1033 1984 φυλῶν·
1062 1903 1120 1967 καί
1141 1891 1334 1985 ἐκλήθησαν
1356 1899 1389 1966 οί
1410 1890 1512 1984 μὲνκ
1490 1894 1558 1965 υπὸ
1581 1899 1633 1982 τῷ

323 1991 491 2083 Ἰεροβοάμ
512 1989 656 2085 Ἰσραήλ,
687 1991 793 2067 Ἰούδα
820 2001 856 2066 δὲ
877 1993 952 2069 αίς
931 1995 999 2069 υπὸ
1022 2003 1074 2086 τῷ
1095 1989 1242 2084 Ῥοβοάμ.
1278 1996 1371 2066 καί”
1356 2022 1483 2084 εμεινεν
1505 1985 1590 2080 αὕτη
1613 1988 1633 2081 6

326 2101 483 2181 διαίρεσις
504 2101 570 2165 τοῦ
591 2100 686 2180 λαοῦ,
710 2087 793 2168 ὅσον
812 2095 902 2166 κατὰ
922 2095 989 2186 τήν
1009 2098 1171 2184 ίστορίαν,
1193 2100 1285 2184 μέχρι
1300 2121 1364 2165 του
1349 2099 1490 2184 ’δεῦρο
1511 2087 1574 2164 ούκ
1588 2096 1634 2163 οἰ-

236 2199 429 2286 2191δαμεν
451 2193 515 2284 γάρ
537 2197 691 2283 ίστορίαν
713 2201 968 2284 συναγαγοῦσαν
989 2195 1053 2268 τόν
1066 2191 1193 2284 Ἰσραήλ
1209 2201 1266 2266 καί
1280 2193 1376 2283 <τόν>
1390 2189 1539 2280 ἸούδανΙ
1562 2222 1575 2255 ι
1580 2195 1636 2262 ἐπὶ

324 2294 367 2367 τὸ
391 2289 505 2365 αύτόι.
547 2287 697 2383 ἥμαρτεν
724 2287 787 2366 οὖν
811 2301 957 2383 πρῶτον
987 2291 1115 2385 Ἰσραήλ
1141 2301 1296 2380 πλείονα,
1326 2288 1345 2365 6
1370 2291 1438 2366 ύπό
1464 2299 1517 2382 τῷ
1543 2287 1635 2380 Ἰερο-

275 2406 307 2460 15
325 2393 412 2484 βοάμ
433 2400 491 2464 καί
512 2410 585 2476 τοῖς
609 2389 777 2483 διαδόχοις
802 2391 919 2478 αύτοῦ,
942 2402 998 2466 καί
1018 2399 1170 2467 τοσαῦτα
1184 2389 1313 2484 ἥμαρτε
1328 2393 1420 2483 παρά
1433 2390 1498 2464 τόν
1511 2387 1636 2463 Ἰούδαν

327 2493 415 2567 ὥστε
442 2489 566 2576 αύτούς
592 2499 886 2583 καταδικασθῆναι
911 2489 978 2566 ύπὸ
1005 2500 1066 2583 τῆς
1092 2500 1257 2582 προνοίας
1285 2500 1444 2582 γενέσθαι
1469 2490 1637 2582 αἰχμαλώ-

327 2621 408 2676 τους
433 2600 493 2676 »εἰς
513 2589 722 2684 Ἀσσυρίους,
751 2591 799 2678 ιός
825 2601 914 2684 λέγει
939 2590 961 2684 6
984 2591 1112 2685 γραφή,
1138 2599 1243 2714 >μέχρι
1265 2597 1326 2680 τῆς
1349 2589 1512 2682 σήμερονι.
1552 2589 1637 2680 μετὰ

327 2700 433 2766 τοῦτο
454 2689 609 2783 ἥμαρτον
630 2699 686 2766 καί
709 2698 741 2766 οί
760 2698 827 2767 υἱοί
847 2690 952 2766 Ἰούδα
973 2699 1029 2765 καὶ
1050 2689 1345 2781 κατεδικάσθησαν
1367 2689 1576 2782 αἰχμάλωτοι
1591 2695 1637 2771 είς

328 2801 535 2880 Βαβυλῶνα
558 2789 632 2882 θῦχὶ
653 2801 745 2917 μέχρι
766 2800 829 2884 τῆς
851 2791 996 2883 σήμερον
1019 2789 1067 2913 σός
1090 2787 1109 2864 6
1129 2788 1271 2914 Ἰσραήλ,
1295 2789 1383 2864 άλλά
1403 2795 1459 2862 ἐπὶ
1484 2785 1638 2879 »ἐβδομή-

275 2901 310 2956 20
327 2921 437 2966 κοντα
452 2895 543 2981 ἐτη(
554 2885 671 2983 περὶ
643 2921 694 2963 ων
710 2922 729 2964 ο
718 2889 891 2984 (Ἱερεμίας
905 2889 1168 2984 προεφήτευσεν,
1181 2882 1232 2963 τόν
1244 2887 1394 3012 ἐμνήσθη
1408 2884 1493 2962 καί“
1474 2919 1493 2961 ο
1504 2885 1637 2979 Δανιήλ.

328 2999 357 3065 εἰ
378 2998 524 3080 νοοῦμεν
543 2998 653 3063 ταῦτα
675 2988 724 3074 τός
744 2993 832 3080 πρὸς
853 2993 917 3112 τόν
939 2993 1026 3066 λαόν
1047 2997 1177 3064 ἐκεῖνον
1199 2990 1262 3064 τόν
1281 2987 1370 3075 τότε,
1393 2990 1494 3060 ἰδε
1457 3017 1519 3073 τας
1533 2997 1638 3076 λέξεις

328 3098 391 3163 τοῦ
412 3087 610 3180 προφήτου,
634 3097 662 3162 εἰ
682 3091 728 3181 μή
750 3089 891 3164 τοιοῦτό
913 3122 948 3164 τι
970 3097 1117 3181 δηλοῦσι.
1152 3109 1335 3180 κατηγορεῖ
1354 3087 1417 3179 γάρ
1439 3095 1514 3160 τῶν
1536 3083 1637 3177 ἆμαρ-

328 3197 415 3262 τιῶν
441 3195 505 3262 τοῦ
525 3185 651 3279 Ἰσραήλ
680 3187 729 3274 σάς
756 3187 873 3281 λόχος,
903 3197 959 3263 καί
981 3213 1083 3282 φησιν
1105 3183 1161 3263 ότι
1183 3187 1363 3262 τοσούτων
1385 3184 1639 3278 ἁμαρτημάτων

328 3294 557 3379 γεγενημένων
582 3295 634 3379 τῷ
662 3284 803 3380 Ἰσραήλ,
835 3288 1006 3363 ἀκούσασα
1031 3285 1053 3379 6
1079 3283 1184 3361 Ἰούδα
1214 3287 1392 3379 συναγωγή
1425 3287 1469 3359 τά
1497 3291 1639 3359 ἐκείνων

277 3395 311 3450 25
328 3395 523 3477 πταίσματα
544 3394 601 3459 καί
622 3397 700 3460 τίνα
718 3384 852 3480 τρόπον
873 3396 1041 3478 πεποίηκα
1057 3384 1182 3470 αύτούς
1196 3395 1354 3477 γενέσθαι
1369 3393 1406 3460 ἐν
1422 3393 1638 3478 αἰχμαλωσίᾳ,
1677 3465 1679 3469 ,

329 3483 391 3560 ούκ
413 3485 598 3576 ἐπαιδεύθη
620 3484 708 3559 άλλά
728 3496 922 3580 προσέθηκε
943 3506 1018 3572 ταῖς
1040 3484 1230 3610 6660166633
1263 3484 1352 3559 ὥστε
1373 3486 1428 3560 διά
1450 3485 1520 3610 τήν
1536 3509 1639 3575 προσ-

330 3583 443 3676 θήκην
464 3591 539 3657 τιῖιν
558 3581 814 3677 ἁμαρτημάτων
828 3595 1102 3712 σύχκρινομένων
1116 3604 1190 3670 τοῖς
1205 3583 1417 3677 ἁμαρτήμασι
1432 3615 1496 3660 του
1481 3583 1638 3677 ’Ἰσραήλ

331 3683 545 3806 δικαιοσύνην
564 3681 727 3807 66066666
748 3694 785 3761 ἐν
806 3696 858 3780 τῷ
873 3685 1000 3779 Ἰσραήλ
1017 3692 1028 3778 ΙΙ
1044 3686 1136 3776 παρά
1156 3686 1219 3759 τόν
1234 3684 1367 3758 Ἰούδαν.
1405 3686 1507 3761 είταέ
1492 3691 1547 3758 ἐπί
1562 3683 1639 3757 τού
1659 3703 1710 3759 142

329 3809 404 3868 ’τοις
425 3783 596 3858 κελεύεται
618 3780 637 3857 6
659 3785 842 3878 προφήτης
864 3793 1106 3878 προφητεῦσαι,
1131 3783 1180 3870 ὦς
1200 3795 1354 3876 χείρονος
1376 3793 1561 3876 γενομένου
1575 3789 1640 3856 τοῦ

415 3953 885 4027 811.ng11(621.1211021,11.
912 3954 1639 4030 vgl.Hi01.comm859.-lssvglserm3‚18.

331 4069 364 4078 -
376 4039 407 4096 1?
419 4038 483 4109 vgl.
495 4039 521 4093 11
533 4039 602 4096 K6n.
618 4042 657 4108 17,
670 4041 704 4097 23
721 4040 772 4111 (εἰς
783 4035 942 4116 Ἀσσυρίους
958 4037 1013 4108 ἐως
1029 4046 1079 4109 τῆς
1095 4039 1203 4113 ἡμέρας
1220 4037 1341 4109 ταύτης).
1360 4069 1394 4080 -
1407 4040 1447 4095 Ιθ
1464 4039 1528 4110 vgl.
1541 4039 1639 4094 Jerem.

328 4125 372 4189 ιε,
385 4126 426 4178 ιι.
442 4153 476 4164 -
494 4123 536 4179 ιο
552 4123 699 4195 ιςισιιε
710 4127 764 4194 ομ
783 4121 825 4196 (ε’
843 4126 934 4195 εισι).

414 4274 434 4329 4
455 4274 580 4328 Hmnilia
601 4275 692 4330 XIIH
705 4276 731 4330 H
751 4281 756 4342 Ι
778 4279 793 4334 λ
818 4273 922 4332 οὐκοῦν
941 4275 978 4331 Co
1005 4273 1038 4331 Εἰ
1055 4268 1105 4332 οὖν
1127 4269 1168 4346 (E
1183 4275 1285 4346 konig.
1307 4291 1355 4330 ιιιιε
1372 4273 1425 4342 Τλ)
1443 4272 1468 4327 V
1492 4275 1497 4342 Ι
1520 4273 1538 4329 8
1560 4271 1639 4342 λαὸς]

328 4365 364 4422 -γ-
376 4363 438 4426 post
461 4359 619 4414 θοίοιιιοιιίε
640 4361 785 4415 interitum
805 4359 832 4414 H
855 4361 859 4428 Ι
884 4361 922 4416 11
945 4355 1064 4433 Ἰσραήλ,
1091 4354 1180 4416 Ἰούδα
1202 4358 1275 4414 ΟοΗ
1292 4355 1392 4423 Ἰούδα,
1413 4350 1522 4430 Ἰσραήλ
1539 4357 1556 4411 θ
1576 4362 1580 4426 Ι
1602 4356 1641 4413 14

327 4448 446 4514 πρῶτον
463 4443 506 4498 Ru
522 4445 595 4498 nach
611 4445 649 4498 H:
672 4447 786 4514 μιθιιιιιε
803 4443 876 4518 πρὸς
892 4443 973 4500 τδνθ
993 4443 1058 4516 (vgl.
1071 4444 1097 4502 S.
1109 4445 1151 4512 26,
1163 4445 1189 4514 6)
1212 4446 1217 4512 Ι
1240 4441 1329 4511 22128
1347 4443 1640 4516 κατηγορεῖ-φησιν]

331 4526 485 4580 Accusatur
496 4527 585 4582 Ιεναοί
595 4533 621 4582 εἰ
631 4528 734 4582 dicitur
745 4529 771 4582 Η
785 4531 790 4598 Ι
805 4529 844 4586 26
862 4526 915 4585 οὐκ
926 4525 1089 4598 ἐπαιδεύθη]
1100 4545 1157 4582 non
1167 4529 1221 4597 οςίί
1228 4527 1435 4597 poenitentiam,
1452 4544 1501 4582 ιιεο
1513 4544 1641 4581 conversa
1695 4597 1697 4602 Ι

330 4616 369 4664 est
386 4611 423 4664 αιί
439 4629 482 4665 me
498 4611 524 4666 Η
539 4612 596 4682 127
615 4621 666 4668 τοῦ
684 4613 722 4667 co
740 4618 780 4668 τᾱι
798 4613 889 4680 8126
908 4613 1112 4688 προφητεῦσαι]
1131 4619 1165 4677 -1-
1177 4611 1214 4666 ad
1230 4612 1319 4668 ἐιταεί
1335 4611 1368 4680 Η,
1387 4610 1462 4667 wohl
1479 4609 1590 4682 richtig.
