3694 5542
425 454 477 508 Die
494 453 701 523 selbsffindigen
718 454 883 523 Fragmente
901 471 949 508 aus
967 455 1016 509 der
1032 454 1297 524 Prophetaenkatene.
1451 457 1511 518 229

204 615 281 689 »τόν
303 611 429 738 άγρόνς
457 614 521 688 τόν
546 613 659 707 πλήρη
684 621 829 705 καρπῶν
856 613 1064 705 πρεπόντων
1091 613 1206 706 άγίσις.
1254 619 1412 696 τοιοῦτος
1432 604 1487 701 11
1469 639 1511 702 ην
1534 626 1584 680 309

206 712 226 788 ό
256 712 360 807 άγρός
380 712 503 803 Ἰακῶβ,
532 709 636 805 σῦπερ
667 711 874 804 όσφρανθελς
895 713 1012 788 Ἰσαάκ·
1045 715 1153 789 νίδοῦι
1188 721 1292 805 φησὶν
1321 706 1425 802 »όσμὴ
1449 719 1512 784 τοῦ

206 822 281 889 υἱοῦ
309 844 376 906 μου
407 813 455 898 ῶς
482 811 567 906 όσμὴ
594 812 699 905 άγρσῦ
724 812 877 905 πλήρους
901 811 942 887 όν
964 813 1147 906 εῦλόγησεν
1167 811 1187 887 ό
1209 812 1351 936 κύριοςὶ.
1395 809 1515 893 όποιός

206 911 344 988 ἐστιν’
324 946 343 988 ο
368 916 531 1003 ’καρποὺς
558 919 647 1004 εχων
668 923 731 988 τοῦ
752 914 963 1004 πνεύματος,
992 920 1078 987 ἵνα»
1066 924 1197 1005 »σπείρῃ
1220 915 1263 987 τά
1286 921 1348 986 τοῦ
1369 911 1514 1002 πνεύμα-

171 1031 188 1084 5
207 1046 267 1099 τος
287 1023 344 1086 καὶ
364 1023 484 1104 θερίση
508 1015 600 1106 ζωὴν
622 1015 827 1088 αἰῶνιονε·”
812 1043 905 1088 επνει
926 1014 989 1105 γάρ
1012 1013 1129 1101 Ἰακῶβ
1150 1013 1211 1088 οῦκ
1231 1008 1426 1104 άμπέλων>
1407 1011 1515 1102 οσμὴν

206 1111 228 1204 ἢ
255 1113 382 1200 σύκων,
410 1112 517 1188 ἀλλ”
506 1111 660 1204 άγάπης,
690 1121 808 1204 χαρᾶς,
831 1112 974 1204 εἰρήνης,
996 1123 1242 1206 μακροθυμίας
1272 1111 1513 1237 χρηστότητος.

206 1211 446 1344 ἀγαθωσύνης,
472 1222 634 1300 πίστεως,
656 1218 870 1304 ἐγκρατείας.
913 1219 968 1286 έπὶ
989 1215 1140 1306 τοιούτῳ
1168 1223 1289 1286 τοίνυν
1283 1210 1404 1304 άγρῶ
1425 1209 1515 1302 Ἱερε·

206 1323 282 1405 μίας
310 1311 498 1404 εῦχαριστεῑ
521 1319 644 1404 λέγων
675 1343 694 1386 ο
717 1343 773 1386 ων
795 1312 915 1404 κύριε.
959 1335 1080 1387 σκοπεῖ
1106 1315 1168 1406 γάρ
1192 1314 1255 1387 τόν
1277 1306 1390 1396 όντως
1418 1306 1513 1386 ὄντα

206 1414 262 1505 »μὴ
284 1421 425 1486 σκοπῶν
447 1413 490 1484 τά
512 1408 703 1500 βλεπόμενα
724 1409 810 1486 άλλά
833 1414 876 1486 τὰ
897 1413 942 1504 μὴ
963 1413 1172 1504 βλεπόμενοι

158 1674 191 1728 10
589 1649 646 1718 Nr.
668 1651 777 1718 LXIII.
819 1652 935 1720 Ierem.
951 1660 1001 1734 45,
1015 1661 1043 1720 4.
1062 1661 1089 1720 5.

292 1818 379 1902 (142)
406 1810 454 1884 Οῦ
479 1810 587 1901 μόνον
612 1821 825 1903 προφητείας
851 1811 1004 1907 Ἱερεμίας
1031 1814 1231 1906 ἀνέγραψεν,
1258 1811 1345 1886 ἄλλά
1370 1821 1427 1885 καὶ
1448 1816 1515 1884 ἴδια

209 1911 321 2004 πάθη,
347 1933 422 1997 ταῖς
452 1919 514 2002 μὲν
540 1909 709 1985 διδάσκων
734 1920 903 1996 βασιλείας
928 1911 1087 2003 ούρανῶν
1111 1912 1288 2004 μυστήρια,
1315 1933 1389 1996 τοῖς
1411 1918 1447 1984 δὲ
1469 1920 1515 1985 δι-

210 2011 345 2086 δάσκων
359 2010 534 2102 ῦπομονῆς
547 2019 809 2102 παραδείγματα,
832 2021 905 2085 τῶν
924 2020 1224 2105 ψευδοπροφητῶν
1239 2020 1402 2086 τοιοῦτον
1415 2008 1514 2083 οῦδὲν

210 2113 265 2184 διά
300 2112 365 2203 τὴν
399 2118 580 2185 κολακείαν
616 2109 831 2201 πασχόντων.
888 2113 1145 2204 ἓτοιμασῶμεθα
1181 2121 1299 2184 τοίνυν
1335 2118 1372 2185 έν
1407 2119 1513 2201 καιρῷ

158 2231 191 2285 15
210 2217 360 2302 διωγμοῦ
384 2211 470 2301 μετά
489 2207 643 2302 Ἱερεμίου
673 2209 837 2300 τετάχθαι
863 2221 919 2284 καὶ
947 2221 1009 2286 τοῦ
1037 2210 1194 2296 εἰπόντος
1221 2208 1430 2285 άποστόλου·
1460 2215 1515 2282 »έν

211 2323 375 2399 φυλακαῖς
395 2308 591 2394 πολλάκις(
633 2311 675 2383 τό
702 2319 737 2384 δὲ
764 2305 828 2384 ότι
855 2309 926 2384 οῦκ
961 2309 1134 2402 ἠδύνατο
1163 2309 1388 2399 όβασιλεῦς
1414 2309 1515 2399 πρὸς

211 2406 356 2494 αύτούς
387 2417 720 2500 φιλανθρωποτέραν
749 2407 856 2482 αῦτσῦ
890 2410 956 2501 την
990 2421 1187 2502 προαίρεσιν
1220 2409 1415 2502 μεμήνυκεν.
1460 2415 1515 2480 καὶ

210 2517 262 2582 δει
285 2509 349 2582 τὸν
375 2505 487 2599 όρθόν
511 2515 649 2596 βασιλέα
673 2539 718 2599 μη
745 2518 914 2599 τοῖςπερὶ
937 2509 1045 2584 αῦτόν
1065 2529 1230 2602 πονηροῖς
1250 2506 1514 2598 συναπάγεσθαι

207 2607 372 2698 χρήσιμον
397 2614 433 2680 δὲ
459 2608 625 2692 πολλάκις
650 2605 751 2680 καί
732 2639 752 2698 η
780 2609 873 2698 παρά
902 2630 974 2694 τοῖς
1000 2617 1160 2700 κρατοῦσι
1185 2613 1386 2698 προστασία,
1413 2599 1495 2679 δι’
1476 2637 1515 2696 ης

158 2723 193 2780 20
209 2706 376 2790 πολλάκις
396 2705 600 2798 εῦεργετεῑό
623 2705 712 2791 θεός.

595 2945 652 3012 Nr.
673 2947 783 3014 LXIV.
825 2949 939 3015 Jerem.
954 2957 1003 3030 45,
1021 2955 1067 3016 19.
1082 2954 1130 3016 20.

294 3113 381 3196 (143)
413 3113 524 3192 Δέδια,
548 3117 659 3198 φησίν,
686 3108 731 3200 μὴ
760 3127 832 3192 τοῖς
857 3107 1062 3200 αῦτομόλοις
1083 3118 1334 3199 καταγέλαστος
1355 3115 1516 3199 γένωμαι·

212 3205 341 3280 τούτου
370 3205 433 3296 γὰρ
464 3204 569 3298 λόγον
599 3216 656 3280 καὶ
682 3215 848 3298 φροντίδα
873 3216 1043 3300 ποιοῦμαι.
1087 3206 1134 3294 ῶς
1161 3216 1196 3280 δὲ
1218 3205 1259 3281 δι’
1282 3205 1446 3300 άμαρτίας
1466 3201 1516 3279 Ἱε-

213 3305 385 3395 ρουσαλὴμ
411 3313 647 3396 παραδίδοται,
675 3302 788 3391 οῦτως
812 3317 868 3380 καὶ
895 3305 916 3400 ἦ
942 3315 1108 3397 ἐκκλησία.
1151 3317 1206 3379 καὶ
1232 3315 1260 3380 εἰ
1285 3315 1348 3401 μέν
1369 3338 1420 3391 τις
1441 3303 1517 3377 κατ’

161 3427 195 3482 25
212 3403 357 3493 Ἐζεκίαν
384 3403 488 3496 αῦτῆς
510 3405 615 3496 άρχοι,
646 3407 801 3498 σῴζεται·
836 3411 864 3480 εί
894 3415 930 3482 δὲ
959 3407 1047 3480 κατά
1073 3414 1245 3494 Σεδεκίαν,
1272 3405 1517 3499 άφοριζόμενος

212 3514 275 3596 μὲν
303 3504 411 3596 σῴζει,
441 3511 555 3596 μένων
586 3513 622 3578 δὲ
652 3507 783 3598 ταύτην
813 3503 1009 3580 άπόλλυσιν.
1053 3513 1082 3580 εί
1107 3537 1159 3591 τις
1186 3501 1247 3580 οῦν
1272 3507 1433 3598 μολύνων
1454 3505 1518 3596 τὴν

213 3611 392 3696 ἐκκλησίαν
423 3609 572 3692 ἐξέλθοι,
604 3603 712 3698 αῦτήν
740 3637 778 3680 τε
804 3608 904 3698 σῴζει
928 3614 985 3678 καὶ
1011 3607 1077 3697 τὴν
1103 3606 1233 3696 φυγὴν
1255 3604 1372 3680 αῦτοῦ·
1402 3605 1517 3678 ἐὰνδὲ

213 3715 317 3794 μέλλῃ
339 3703 426 3776 κατὰ
448 3704 512 3776 τὸν
526 3710 692 3777 Σεδεκίαν
712 3708 798 3796 πρὸς
821 3711 948 3794 έζοδσν,
974 3707 1090 3797 »μικρὰ
1114 3705 1196 3796 ζύμη
1220 3699 1303 3779 όλον
1324 3705 1365 3778 τό
1385 3704 1519 3794 φύραμα

215 3815 337 3892 ζυμοῑι.

300 4007 316 4062 1
341 4005 516 4076 VgLJerem.
534 4007 575 4070 39.
593 4010 618 4064 9.
642 4038 676 4048 -
704 4009 808 4064 2Gen.
826 4011 867 4078 27,
886 4011 927 4064 27.
952 4041 986 4052 -
1013 4009 1113 4080 Ivgl.
1132 4010 1193 4066 Gal.
1212 4013 1237 4078 5,
1254 4010 1295 4064 22.
1322 4038 1355 4048 -
1381 4007 1520 4078 VgIGal.

215 4093 337 4230 {386⁸}-
350 4090 465 4232 55957131.
484 4090 544 4145 Gal.
563 4093 586 4159 5,
605 4093 646 4148 22.
664 4093 705 4148 23.
724 4123 756 4134 -
774 4096 793 4151 θ
812 4094 875 4165 Vgl.
894 4096 919 4148 11
937 4095 1000 4150 Kor.
1017 4097 1046 4158 4,
1065 4096 1106 4151 18.
1125 4123 1158 4134 —
1177 4094 1215 4150 15
1241 4093 1347 4148 11110r.
1365 4095 1410 4157 11,
1428 4093 1469 4148 23.
1487 4121 1521 4131 -

303 4359 319 4415 1
338 4363 458 4430 καρπῶν
470 4358 648 4430 πρεπόντων]
666 4359 837 4430 καρπδντων
855 4379 871 4416 0
887 4363 891 4428 Ι
906 4361 924 4418 2
944 4358 960 4415 δ
978 4361 1035 4421 κ
1046 4377 1082 4415 co
1097 4365 1102 4428 1
1118 4361 1191 4418 2-5
1211 4357 1422 4435 ἰδοὺ-Ἰακώβ]
1434 4371 1496 4423 <ο
1517 4392 1519 4423 ι

216 4443 234 4499 5
255 4441 355 4514 ὀσμὴν]
368 4451 402 4502 <
418 4443 454 4510 ol
473 4443 486 4497 1
507 4439 689 4514 ἀγαθοσύνης
706 4463 722 4501 0
742 4447 748 4514 1
769 4447 807 4501 12
825 4453 887 4511 ταῖς
904 4446 982 4500 Β1αεε
999 4445 1065 4512 τοὺς
1087 4463 1103 4500 ο
1123 4454 1184 4512 τοῖς
1201 4447 1233 4501 Io
1249 4449 1253 4514 Ι
1268 4454 1328 4512 τοῖς
1348 4447 1380 4502 lo
1398 4445 1463 4512 τοὺς
1481 4465 1496 4502 υ
1518 4453 1521 4510 1

144 4575 151 4592 .
219 4528 258 4585 14
276 4524 502 4597 ηταιμασῶμεθα
520 4547 536 4585 ο
556 4530 561 4597 Ι
586 4531 621 4587 15
638 4524 700 4598 μετ’
718 4547 734 4584 υ
759 4532 763 4597 Ι
788 4531 823 4586 Ῑθ
841 4531 867 4599 η]
888 4528 916 4586 οὶ
932 4549 949 4585 o
968 4535 973 4598 Ι
997 4531 1034 4586 20
1051 4525 1078 4599 δ]
1097 4529 1127 4587 δὲ
1145 4529 1231 4600 ostio]
1251 4533 1255 4598 Ι
1276 4531 1315 4586 24
1333 4531 1523 4603 παραδέδοται

218 4612 336 4682 olnam]
355 4620 388 4670 <
406 4629 422 4666 ο
442 4612 447 4682 Ι
468 4613 507 4669 25
525 4608 610 4684 άρχυι
627 4614 706 4668 Β1αεε
723 4613 779 4684 vgl.
798 4615 824 4669 Z.
842 4616 874 4668 27
893 4610 966 4685 άρχῃ
985 4631 1020 4668 οο
1036 4616 1041 4681 Ι
1056 4615 1097 4670 22
1112 4613 1201 4683 μένον
1219 4632 1236 4670 0
1251 4618 1256 4683 Ι
1271 4611 1428 4670 ἀπόλαυσιν
1445 4633 1470 4672 ο.
