3702 5540
303 467 322 526 2
746 456 885 527 Origenos’
904 456 1163 513 Joromiahomilien.

303 626 465 702 θέλοντες
495 617 662 708 σῴζεσθαι
692 619 773 704 τούς
799 618 843 708 μή
869 627 1038 702 θέλοντας
1060 618 1236 708 σῴζεσθαι,
1259 623 1416 708 λέγοντες
1438 622 1489 706 τῷ
1510 617 1608 689 Λώτ·

307 727 386 842 »Ιείσί
416 725 507 802 τινές
537 743 592 790 σοι
619 709 686 790 τάδε
711 715 899 839 γαμβροί“
877 748 898 808 η
925 714 1039 790 υἱοί“
1017 747 1037 839 ιχ
1065 722 1286 808 θυγατέρεςι;
1316 713 1378 790 ούκ
1404 711 1610 804 ἀγνοοῦντες

304 815 359 892 ότι
381 816 440 908 ούχ
464 819 604 890 ἕπονται
626 823 746 891 ἐκείνοι
768 826 818 909 τῷ
841 819 934 904 Λώτ,
956 815 1042 891 άλλά
1063 824 1243 900 ποιοῦντες
1266 815 1308 889 τά
1331 823 1392 907 τῆς
1407 819 1556 906 (ἑαυτῶν
1572 846 1607 888 τε

303 914 371 1010 άμα
390 923 462 1007 καί>
485 947 549 989 του
533 925 766 1010 ’πέμψαντος
788 916 911 1003 αύτούς
932 914 1164 1008 χρηστότητος
1185 923 1240 990 καὶ
1264 925 1535 1007 φιλανθρωπίας.

269 1043 286 1094 5
386 1029 413 1090 2.
454 1014 496 1089 Τὸ
524 1011 643 1106 όμοιον
669 1013 823 1137 εύρήσετε
844 1025 900 1090 καὶ
922 1023 977 1090 ἰπὶ
999 1025 1072 1089 τῶν
1093 1017 1181 1090 κατά
1202 1016 1267 1090 τὸν
1286 1014 1449 1104 Ἱερεμίαν.
1491 1012 1609 1107 άναγέ

303 1146 450 1208 γραπται
480 1111 500 1188 6
529 1113 650 1206 χρόνος
684 1123 744 1206 τῆς
774 1125 983 1206 προφητείας
1013 1113 1134 1203 αὐτοῦ,
1167 1115 1253 1190 πότε
1281 1112 1408 1209 ήρξατο
1435 1123 1491 1187 καί
1516 1123 1611 1207 μέχρι

302 1215 389 1290 πότε
414 1213 677 1306 προεφήτευσεν.
719 1218 791 1288 είτα
823 1212 842 1289 6
871 1213 1101 1306 ἐντυγχάνων,
1129 1217 1190 1289 ἐὰν
1214 1216 1259 1306 μὴ
1288 1221 1435 1306 προσέχη
1462 1223 1505 1306 τῇ
1532 1212 1610 1289 άνα·

304 1319 427 1409 γνώσει
452 1320 535 1405 μηδὲ
560 1313 696 1403 ἐξετάζῃ
725 1313 765 1386 τὸ
792 1314 942 1406 βούλημα
969 1324 1044 1387 τῶν
1064 1321 1301 1406 γεγραμμένων
1323 1311 1609 1405 ἀναγνωσμάτων,

304 1411 412 1506 ἰρεῑ’
393 1447 448 1489 οτι
469 1419 600 1503 ἱστορία
622 1421 714 1487 ἐστὶν
734 1421 790 1486 καί
817 1411 1079 1505 ἀναγέγραπται,
1108 1410 1194 1486 πότε
1220 1409 1348 1503 ἤρξατο
1378 1413 1611 1505 προφητεύειν

255 1539 287 1594 10
303 1515 455 1636 Ἱερεμίας
476 1522 532 1586 καί
552 1521 647 1605 μέχρι
667 1511 777 1588 πόσου
797 1513 1035 1604 προφητεύσας
1054 1511 1182 1604 χρόνου
1195 1519 1357 1603 κατέληξε
1371 1513 1610 1604 προφητεύων.

218 1637 288 1694 209r
306 1626 339 1688 τί
369 1607 430 1687 σύν
464 1613 551 1703 πρὸς
580 1619 636 1704 ἐμὲ
667 1611 753 1705 αύτη
783 1643 804 1705 η
833 1616 980 1703 ίστορία,·
1011 1609 1174 1702 άνέγνων,
1194 1619 1199 1700 Ι
1224 1616 1353 1703 ἔμαθον
1369 1607 1416 1704 ΙΙ(Ι
1397 1642 1451 1684 οτι
1482 1610 1545 1703 ήρξ
1546 1642 1610 1685 ατο
1634 1639 1683 1693 12ss

283 1713 534 1805 προφητεύειν
569 1718 624 1785 »ἐν
657 1709 792 1803 ἡμέραις
828 1708 954 1785 Ἰωσίου
988 1719 1052 1785 τοῦ
1079 1717 1154 1785 υίοῦ
1184 1707 1288 1803 Ἀμοὸς
1318 1719 1481 1798 βασιλέως
1506 1711 1611 1786 Ιούδα

216 1877 220 1884 .
306 1817 433 1902 Ιέως]”
419 1843 515 1896 ετους
537 1810 849 1902 τρισκαιδεκάτουέ
851 1843 870 1884 ν
897 1821 939 1902 τῇ
964 1819 1110 1904 βασιλείᾳ
1132 1809 1272 1884 αύτοῦι·
1306 1815 1377 1884 εἶτα
1402 1817 1552 1903 »ἐγένετο
1576 1818 1614 1886 ἰν

305 1933 379 1997 ταῖς
411 1909 545 2003 ἡμέραις
578 1908 726 2001 Ἰωακείμ
760 1914 836 1984 υἱοῦ
873 1908 999 1984 Ἰωσίου
1033 1917 1197 1996 βασιλέως
1226 1909 1347 1984 Ἰούδα(
1380 1911 1612 2004 προφητεύων

254 2043 286 2095 15
309 2015 391 2096 »ἕως
406 2018 468 2102 τῆς
489 2021 679 2096 συντελείας
700 2019 765 2085 τοῦ
787 2009 970 2085 ἑνδεκάτου
993 2015 1090 2095 ἔτους
1105 2017 1267 2083 Σεδεκίαν
1287 2017 1362 2084 υἱοῦ
1377 2007 1504 2084 Ἰωσίου
1525 2021 1612 2098 βασι-

306 2120 392 2196 λέως
424 2108 558 2183 Ἰούδαι.
608 2117 663 2181 καὶ
700 2115 829 2199 ἔμαθον
865 2105 921 2184 ότι
949 2110 1038 2183 κατά
1072 2129 1162 2200 τρεῖς
1192 2119 1335 2196 βασιλεῖς
1366 2109 1387 2201 ἦ
1420 2120 1611 2203 προφητεία

306 2209 411 2284 αύτοῦ
433 2216 658 2294 συνεξέτεινεν
682 2212 763 2294 »ἕως
784 2217 845 2301 τῆς
866 2216 1092 2302 αἰχμαλωσίας
1106 2207 1316 2301 Ἰερουσαλήμ
1338 2215 1375 2281 ἐν
1398 2219 1448 2300 τῷ
1464 2219 1610 2302 πέμπτῳ

304 2320 413 2402 μηνίι.
457 2319 491 2382 τί
521 2303 583 2383 οὖν
616 2309 670 2381 διά
701 2309 838 2382 τούτων
865 2307 1105 2401 διδασκόμεθα,
1133 2309 1192 2380 ἐάν
1217 2317 1436 2399 προσέχωμεν
1463 2317 1506 2400 τῇ
1532 2308 1611 2384 άνα-

305 2411 442 2502 γνεόσει;
486 2421 513 2482 3.
538 2404 803 2480 κατεδίκασεν(
784 2439 802 2481 ο
830 2409 910 2493 θεὸς
933 2409 997 2499 τὴν
1020 2405 1228 2498 Ἰερουσαλήμ
1251 2409 1364 2480 διά
1327 2440 1369 2481 τα
1391 2405 1612 2530 ἁμαρτήματα

253 2537 288 2592 20
306 2508 424 2602 αύτής,
450 2501 548 2580 καὶ
530 2533 616 2600 ησαν
641 2515 816 2598 κριθέντες
843 2512 887 2591 εἰς
909 2513 1137 2598 αἰχμαλωσίαν
1158 2505 1532 2602 ἐγκαταλειφθῆναι.
1520 2509 1612 2600 όμως

306 2605 325 2682 δ
356 2607 603 2697 φιλάνθρωπος
637 2607 720 2692 θεὸς
751 2605 971 2698 ἐνεστηκότος
1003 2615 1066 2682 τοῦ
1096 2615 1216 2727 καιροῦ
1245 2615 1369 2698 πέμπει
1398 2618 1454 2680 καί
1484 2617 1613 2682 τοῦτον

306 2708 369 2782 τόν
395 2707 578 2800 προφήτην
605 2706 769 2798 άνωτέρω
796 2717 913 2797 τρίτης
939 2716 1104 2793 βασιλείας
1132 2714 1193 2798 τῆς
1214 2711 1270 2779 ἐπὶ
1292 2715 1353 2798 τῆς
1376 2715 1611 2799 αἰχμαλωσίας,

306 2806 347 2880 ἵν’
372 2811 404 2881 οἱ
430 2807 629 2899 βουλόμενοι
650 2806 922 2898 κατανοήσαντες
942 2806 1176 2898 μετανοήσωσι
1198 2807 1252 2879 διὰ
1274 2807 1355 2892 τούς
1376 2810 1612 2899 προφητικούς

307 2906 435 3000 λόγους.
491 2913 715 2996 ἐξαπέσταλκε
748 2906 933 2998 προφήτην
967 2907 1196 2998 προφητεύειν
1229 2915 1287 2978 καί
1323 2912 1377 2978 ἰπί
1408 2915 1471 2980 τοῦ
1504 2913 1612 2980 δευτέ-

252 3045 287 3098 25
305 3037 367 3097 ρου
395 3007 481 3097 μετά
510 3005 574 3078 τόν
605 3015 749 3095 πρῶτον
779 3015 915 3092 βασιλέα
940 3017 997 3079 καὶ
1024 3011 1079 3077 έπί
1101 3013 1164 3078 τοῦ
1186 3013 1307 3096 τρίτου
1327 3013 1420 3096 μέχρι
1441 3015 1515 3079 τῶν
1536 3005 1612 3098 χρό-

306 3137 377 3180 νων
400 3105 503 3196 αύτής
526 3113 587 3197 τῆς
609 3113 844 3196 αἰχμαλωσίας.
886 3111 997 3178 ἐδίδου
1017 3105 1081 3195 γάρ
1104 3103 1231 3197 άνοχήν
1254 3102 1272 3178 6
1291 3105 1509 3197 μακρόθυμος
1532 3108 1613 3190 θεὸς

305 3216 361 3278 καὶ
387 3205 454 3295 πρό
479 3213 555 3292 μιᾶς
578 3202 714 3296 ἡμέρας,
743 3203 791 3290 τός
813 3209 904 3277 ἔστιν
927 3211 1041 3291 εἰπεῖν,
1064 3211 1125 3296 τής
1147 3213 1381 3296 αἰχμαλωσίας,
1403 3214 1612 3297 προτρέπων

304 3325 481 3396 μετανοεῖν
510 3307 591 3390 τούς
621 3303 823 3390 άκούοντας,
851 3309 905 3377 ἵνα
931 3304 1100 3394 παύσηται
1125 3304 1169 3376 τά
1198 3312 1259 3396 τῆς
1285 3311 1509 3396 αἰχμαλωσίας
1536 3330 1612 3378 σκυ-

305 3403 443 3494 θρωπά·
487 3399 571 3477 ὅθεν
607 3413 792 3496 γέγραπται
833 3399 888 3477 ότι
926 3407 1002 3487 »ἕως
1038 3411 1098 3494 τῆς
1136 3409 1362 3494 αἰχμαλωσίας
1403 3403 1612 3498 Ἰερουσαλήμ

252 3532 288 3586 30
305 3503 557 3595 προεφήτευσεν
576 3502 724 3594 Ἱερεμίας
752 3507 817 3590 ἕως
850 3511 912 3577 τοῦ
939 3511 1097 3592 πέμπτου
1122 3500 1247 3593 μηνός.
1293 3503 1422 3595 ήρξατο
1453 3501 1474 3595 ή
1500 3511 1612 3595 αἰχμα-

306 3612 419 3692 λωσία,
442 3613 498 3676 καὶ
520 3609 570 3676 ἔτι
591 3603 824 3695 προεφήτευεν
847 3609 948 3676 οἱονεὶ
970 3611 1094 3693 λέγων·
1109 3601 1334 3728 αἰχμάλωτοι
1357 3601 1526 3726 γεγόνατε,
1547 3604 1613 3676 κάν

307 3699 400 3775 οὕτω
425 3703 670 3795 μετανοήσατε
696 3701 982 3796 μετανοησάντων
1008 3703 1071 3794 γὰρ
1098 3701 1194 3794 ὑμῶν
1224 3701 1266 3775 ού
1295 3702 1461 3792 προκόφει
1489 3705 1531 3776 τὰ
1554 3711 1614 3796 τῆς

305 3807 543 3892 αἰχμαλωσίας,
570 3801 658 3878 άλλά
684 3802 726 3876 τὸ
758 3807 850 3887 ἔλεος
879 3810 942 3875 τού
968 3809 1053 3875 θεοῦ
1079 3803 1341 3894 ἐπισταθήσεται
1368 3800 1453 3893 ύμῖν.
1496 3805 1614 3894 ἔχομεν

306 3895 368 3974 οὖν
389 3902 551 3992 χρήσιμον
574 3900 642 3976 άπὸ
664 3910 725 3994 τῆς
747 3900 945 3994 άναγραφής
972 3902 1110 3991 ἐχούσης
1131 3901 1212 3984 τούς
1233 3899 1375 3992 χρόνους
1398 3909 1459 3992 τῆς
1480 3932 1612 3993 προφη-

392 4107 409 4162 2
429 4107 495 4161 Gen.
515 4109 555 4174 19,
574 4111 613 4163 12.
632 4139 665 4146 -
683 4108 702 4162 4
720 4107 783 4178 vgl.
800 4108 854 4162 Tit.
868 4109 892 4172 3,
904 4113 927 4162 4.
948 4138 979 4146 -
1000 4107 1116 4162 20—29
1137 4105 1201 4177 vgl.
1220 4107 1292 4162 Hier.
1312 4107 1416 4163 Comm.
1433 4108 1492 4163 837.

393 4286 556 4361 δέκονται]
579 4286 701 4363 ἕψονται
724 4293 803 4346 Βίαεε
827 4295 831 4360 Ι
856 4293 874 4348 8
897 4287 1005 4346 ἑαυτῶν
1028 4310 1059 4347 τε
1082 4285 1142 4360 δίμα
1165 4292 1214 4346 καί
1235 4291 1313 4346 ΒΙαεε
1335 4291 1521 4346 Wilamowitz
1545 4293 1615 4346 nach

306 4378 344 4430 H:
363 4395 444 4431 οιιααε
458 4378 566 4444 pariter
582 4381 606 4430 εἰ
630 4379 634 4444 Ι
660 4377 674 4431 λ
695 4376 743 4446 μή]
763 4387 796 4436 <
808 4377 834 4430 Η
858 4379 862 4443 Ι
886 4377 904 4432 8
922 4375 1000 4446 μηδὲ]
1019 4383 1043 4430 εἰ
1060 4377 1099 4443 Η;
1117 4375 1198 4430 beide
1216 4375 1390 4446 Negationen
1407 4375 1529 4430 verwirst
1547 4376 1617 4430 auch

307 4461 351 4516 Hu
367 4463 370 4529 Ι
390 4463 410 4516 θ
428 4459 537 4534 ἱστορία
556 4457 630 4516 έστίν
648 4462 696 4516 καί
714 4457 937 4534 ἀναγέγραπται]
957 4462 1108 4516 historia
1124 4461 1361 4528 superscripta
1378 4465 1425 4514 οεί
1443 4459 1469 4513 Η
1484 4461 1488 4529 Ι
1506 4461 1542 4516 12
1563 4456 1617 4526 ἕως

308 4546 356 4600 SH
379 4563 427 4599 aus
445 4545 470 4599 Z.
490 4549 530 4601 15.
549 4549 580 4600 17
600 4545 824 4616 eingedrungon!
847 4546 884 4600 13
900 4545 958 4616 καί]
977 4555 1009 4611 -Ι-
1022 4549 1107 4614 ίεηειιε
1125 4545 1151 4599 H
1168 4545 1234 4615 (ng.
1253 4545 1279 4598 Z.
1299 4548 1341 4612 11Ι
1361 4547 1365 4611 Ι
1384 4545 1424 4600 34
1441 4554 1490 4612 τῆς
1507 4563 1617 4618 προφη-

306 4631 385 4695 τείας
402 4629 440 4684 Co
454 4630 610 4698 prophetabo
621 4630 647 4684 H
664 4640 713 4697 τῆς
730 4627 901 4702 προφητεύει
919 4629 936 4682 S
956 4631 1012 4696 *τίς
1029 4628 1202 4703 προφητεύει
1220 4630 1237 4684 S
1251 4629 1369 4699 jungere
1388 4629 1460 4684 Corr.
