3702 5540
291 459 310 520 6
742 450 881 522 Origenes'
899 451 1158 508 serenio-hominen.

296 618 433 704 σωτῆρι.
476 619 553 704 περὶ
581 622 655 689 τῶν
683 619 855 705 δευτέρων
874 614 919 704 μή
941 611 1081 703 ἀγωνία·
1110 621 1268 703 φαίνεται
1287 613 1350 704 γὰρ
1373 608 1428 688 ότι
1450 611 1470 688 6
1491 616 1605 706 σωτήρ

295 719 493 804 ἐξερρίζωσε
534 713 595 797 τὰς
636 721 699 787 τοῦ
737 712 897 800 διαβόλου
931 722 1096 800 βασιλείας
1129 722 1184 786 καὶ
1220 715 1263 788 τὰ
1293 717 1379 806 ἔθνη
1415 723 1606 804 κατέσκαψε

298 813 361 885 τὸν
387 813 529 886 ἐθνικόν
551 823 627 900 βίον
647 814 817 886 καθελοόν.
860 819 1020 900 ἐνταῦθα,
1042 813 1130 887 κατὰ
1151 813 1193 886 τό
1216 820 1341 888 δοκοῦν
1363 813 1587 905 δύσφημονζ
1559 847 1607 899 ως

297 911 382 1002 πρὸς
405 911 468 985 τόν
488 920 638 1003 σωτῆρα,
661 909 832 1004 γόμνασόν
856 942 933 997 πως
960 913 1023 985 τὸν
1050 909 1164 1011 λόγον,
1191 923 1266 997 πῶς
1293 913 1434 988 δύναται
1456 911 1607 1004 λέγειν(
1587 945 1606 986 ο
1626 999 1629 1004 ¹

262 1011 424 1104 σσωτήρ
454 1011 535 1086 »οόκ
562 1017 741 1101 ἐπίσταμαι
771 1023 895 1098 λαλεῖν,
919 1007 975 1085 ότι
997 1013 1164 1102 νεώτερος
1186 1015 1252 1104 ἐγοό
1275 1018 1357 1103 είμιι
1382 1021 1438 1086 καὶ
1460 1045 1503 1087 τα
1489 1015 1607 1106 ἑξῆς.

297 1107 377 1205 δρᾷς
404 1106 459 1184 ότι
486 1109 505 1185 6
523 1108 634 1234 λόγος
662 1130 934 1202 στενοχωρεῖται;
964 1111 1028 1185 τὸν
1054 1121 1192 1204 σωτῆρα
1219 1118 1357 1203 οίδαμεν
1382 1113 1508 1204 κόριον.
1557 1127 1608 1203 ζη-

298 1217 422 1302 τοῦμεν
449 1211 536 1284 κατὰ
567 1210 631 1301 τὴν
662 1209 761 1298 ἀξίαν
790 1218 854 1283 τοῦ
884 1208 989 1302 λόγου
1020 1221 1075 1283 καὶ
1105 1213 1193 1286 κατὰ
1221 1213 1286 1304 τήν
1312 1210 1479 1304 ἀλήθειαν
1499 1222 1608 1287 ταῦτα

298 1316 352 1382 ἐπὶ
374 1309 438 1383 τὸν
460 1319 608 1402 σωτήρα,
630 1308 818 1401 ἀναγαγεῖν.
861 1308 1032 1401 μάρτυρας
1060 1320 1111 1385 δεῖ
1131 1321 1244 1398 λαβεῖν
1266 1311 1327 1398 τὰς
1342 1311 1484 1402 γραφάς·
1507 1311 1609 1404 ἐμόρ-

298 1439 396 1497 τυροι
411 1409 473 1500 γὰρ
492 1415 525 1482 αἱ
548 1416 700 1495 ἐπιβολαὶ
725 1407 821 1501 ήμῶν
843 1417 899 1479 καί
922 1415 955 1482 al
977 1411 1145 1502 ἐξηγήσεις
1168 1411 1306 1484 ἄπιστοί
1328 1417 1418 1483 εἰσιν.
1461 1419 1534 1503 <aaz
1552 1412 1608 1502 τὸ)

246 1522 280 1577 10
301 1514 374 1582 »ἐπὶ
395 1507 539 1598 στόματι
561 1509 621 1584 δύο
643 1517 700 1582 καὶ
722 1517 829 1598 τριῶν
848 1509 1034 1600 μαρτύρων
1048 1509 1255 1603 σταθήσεται
1270 1519 1340 1584 πᾶν
1354 1515 1461 1603 ῥῆμα(
1478 1520 1609 1603 μᾶλλον

298 1605 436 1700 ἁρμόζει
466 1615 520 1682 ἐπὶ
551 1619 625 1683 τῶν
652 1607 838 1700 διηγήσεων
868 1606 891 1700 6
917 1615 972 1681 ἐπὶ
999 1619 1072 1683 τῶν
1100 1609 1313 1700 ἀνθρώπων,
1346 1615 1400 1683 ίνα
1427 1609 1540 1703 στήσω
1568 1611 1610 1683 τὰ

299 1707 432 1799 ῥήματα
459 1716 519 1801 τῆς
549 1711 722 1800 ἑρμηνείας
744 1711 860 1796 λαβὼν
882 1707 1054 1799 μάρτυρας
1077 1710 1137 1782 δύο
1158 1707 1227 1782 ἀπὸ
1248 1717 1367 1801 καινῆς
1388 1719 1444 1782 καὶ
1465 1717 1610 1796 παλαιᾶς

300 1805 477 1898 διαθήκης,
505 1811 621 1894 λαβὼν
650 1807 822 1899 μάρτυρας
853 1830 943 1898 τρεῖς
976 1807 1045 1882 όπὸ
1077 1807 1286 1901 εὐαγγελίου,
1317 1808 1385 1883 όπὸ
1416 1810 1610 1902 προφήτου,

301 1905 368 1980 ἀπὸ
406 1904 615 1980 ἀποστόλου·
654 1902 766 1993 οὕτως
803 1909 865 2000 γὰρ
904 1907 1130 2000 »σταθήσεται
1164 1916 1234 1981 πᾶν
1270 1912 1387 1999 ῥήματ.
1440 1918 1515 1994 πῶς
1549 1903 1611 1982 οὖν

251 2024 283 2078 15
301 2005 473 2097 δυνάμεθα
500 2014 607 2080 ταῦτα
634 2013 691 2080 ἐπὶ
717 2007 779 2080 τόν
800 2015 938 2098 σωτῆρα
969 2005 1162 2100 ἇναγαγεῖν;
1189 2014 1269 2098 φέρε
1290 2007 1441 2098 μάρτυρα
1464 2010 1612 2081 παλαιὰν

302 2105 482 2198 διαθήκην·
512 2104 618 2178 »διότι
646 2116 727 2195 πρὶν
753 2104 776 2198 6
803 2115 931 2197 γνῶναι
959 2108 1000 2182 τὸ
1027 2115 1163 2181 παιδίον
1186 2105 1319 2197 ἀγαθὸν
1340 2105 1363 2198 6
1383 2104 1500 2193 κακόν,
1523 2106 1612 2182 αἰπει-

302 2217 359 2277 θεῖ
382 2214 529 2301 πονηρίᾳ
557 2215 619 2281 τοῦ
645 2211 844 2292 ἐκλέξασθαι
872 2206 913 2279 τό
941 2205 1103 2298 ἇγαθόνι.
1144 2215 1200 2279 καὶ
1227 2206 1386 2297 ἄντικρυς
1407 2215 1515 2281 ταῦτα
1537 2217 1613 2298 περὶ

302 2313 366 2377 τοῦ
396 2314 552 2399 σωτῆρος
581 2312 618 2380 ἐν
649 2314 699 2397 τῷ
725 2303 838 2399 Ἠσαίᾳ
867 2314 1034 2380 λέλεκται·
1069 2308 1160 2379 »ίδοὺ
1189 2303 1210 2397 6
1237 2313 1412 2396 παρθένος
1438 2313 1475 2380 ἐν
1496 2315 1613 2396 γαστρί

304 2407 368 2494 ἐξει
393 2414 450 2478 καὶ
475 2414 606 2493 τέξεται
632 2404 721 2492 υἱόν,
752 2415 808 2479 καὶ
834 2414 1009 2480 καλέσουσι
1038 2406 1079 2478 τὸ
1113 2399 1220 2496 ὄνομα
1248 2405 1355 2479 αὐτοῦ
1377 2403 1614 2497 Ἑμμανουήλι.

252 2522 287 2577 20
303 2514 359 2578 καὶ
389 2511 458 2578 ἐκεῖ
485 2511 691 2596 ἐπιφέρεται·
725 2513 824 2596 »πρὶν
854 2503 877 2597 6
908 2514 1037 2597 γνῶναι
1068 2505 1109 2578 τὸ
1135 2511 1298 2578 παιδίον.«
1346 2511 1374 2577 εί
1401 2512 1437 2578 δὲ
1463 2515 1519 2577 καί
1546 2504 1612 2578 ἀπὸ

303 2612 367 2679 τοῦ
395 2602 587 2697 εὐαγγελίου
617 2613 668 2679 δεῖ
700 2604 881 2698 λαμβάνειν
915 2603 1136 2695 παράδειγμα,
1171 2600 1291 2695 Ἰησοῦς
1318 2601 1381 2676 οὐκ
1412 2603 1496 2695 όνήρ
1521 2603 1614 2694 γενό-

302 2733 414 2797 μενος,
452 2701 526 2778 ἀλλ’
554 2709 604 2778 ἐτι
635 2714 772 2780 παιδίον
798 2699 862 2792 όιν,
900 2712 972 2778 ἐπεὶ
1000 2711 1183 2777 »ἐκένωσεν
1210 2701 1364 2791 ἓαυτόντ,
1400 2711 1614 2794 προέκοπτεν

304 2803 424 2896 (οὐδεὶς
464 2804 527 2895 γὰρ
567 2803 756 2897 προκόπτει
791 2812 1063 2895 τετελειωμένος,
1101 2802 1187 2876 ἀλλὰ
1230 2801 1421 2894 προκόπτει
1457 2800 1614 2893 δεόμενος

303 2911 506 2995 προκοπής)·
541 2902 666 2980 οὐκοῦν
698 2913 924 2996 >προέκοπτεν
961 2901 1086 2996 ἡλικίᾳ,
1131 2909 1323 2992 προέκοπτε
1354 2913 1471 2996 σοφίᾳ,
1515 2911 1613 2994 προέ-

253 3012 286 3065 25
303 3033 411 3076 κοπτε
435 3002 548 3094 χάριτι
573 3005 663 3095 παρὰ
690 3014 764 3097 θεῷ
791 3012 846 3076 καὶ
876 3003 1096 3092 ἀνθρώποις.
1135 3009 1163 3074 εί
1185 3003 1247 3093 γὰρ
1272 3008 1452 3076 »ἐκένωσεν
1471 3002 1609 3074 ἑαυτὸν(

219 3105 286 3163 211v
303 3112 521 3189 καταβαίνων
552 3108 717 3190 ἐνταῦθα,
750 3111 803 3177 καὶ
826 3105 977 3188 κενώσας
1007 3101 1130 3174 ἑαυτὸν
1153 3110 1158 3190 Ι
1182 3101 1346 3190 ἐλάμβανε
1372 3100 1478 3174 πόλιν
1505 3110 1613 3174 ταῦτα

305 3201 363 3292 ἀφ’
387 3197 439 3276 6v
467 3209 648 3275 »ἐκένωσεν
675 3205 814 3277 ἐαυτὸνι
846 3204 935 3275 ἑκὼν
961 3202 1113 3285 κενώσας
1134 3199 1271 3287 ἑαυτόν,
1294 3201 1370 3275 τί”
1350 3231 1484 3275 ατοπον
1507 3200 1613 3274 αὐτὸν

304 3312 360 3375 καὶ
390 3309 639 3393 προκεκοφέναι
672 3312 792 3424 »σρςοίᾳ
823 3310 878 3373 καί
905 3299 1017 3394 ήλικία
1043 3310 1100 3373 καί
1123 3299 1237 3391 χάριτι
1263 3301 1353 3391 παρὰ
1376 3307 1447 3391 θεῷ
1474 3313 1530 3374 καὶ
1558 3299 1612 3374 ἇν-

304 3402 477 3523 θροήποιςι
510 3410 565 3474 καί
597 3399 824 3524 ήληθεόεσθαι
853 3411 929 3524 περὶ
960 3399 1066 3474 αὐτοῦ
1097 3401 1186 3473 τό>
1174 3397 1318 3490 >πρὶν“
1297 3429 1317 3490 η
1348 3409 1477 3488 γνῶναι
1507 3399 1613 3474 αὐτὸν

254 3513 288 3568 30
304 3500 411 3574 καλὸν
437 3497 459 3590 6
484 3499 639 3590 πονηρὸν
668 3506 835 3589 ἐκλέξεται
866 3501 906 3574 τὸ
937 3499 1070 3589 αἰγαθὸν
1100 3508 1156 3572 καὶ
1186 3497 1323 3572 ἇπειθεῖ
1352 3509 1516 3595 πονηρίαι
1542 3508 1612 3591 <και

306 3599 342 3690 6>
365 3597 602 3692 παρεθέμην’
582 3599 649 3673 απὸ
672 3607 735 3673 τοῦ
753 3599 901 3686 Ησαίου;

389 3747 417 3809 8.
452 3731 538 3807 Ἀλλ’
560 3739 630 3822 ἐρεῖ
653 3761 716 3819 τις·
752 3740 780 3806 εί
800 3740 856 3805 καὶ
879 3733 1017 3806 δόνασαι
1042 3740 1097 3806 ἐπὶ
1120 3731 1183 3806 τὸν
1206 3740 1345 3825 σωτῆρα
1366 3730 1547 3823 ἀναγαγεῖν
1569 3732 1610 3806 τὸ

384 3975 426 4029 ’16
444 3972 600 4038 IIKOr.13‚
618 3976 632 4027 1
653 3974 718 4044 (ng.
736 3975 919 4040 Deut.19,15
940 3971 1257 4041 Matth.18,16).-14
1274 3971 1338 4043 Vgl.
1356 3972 1382 4026 II
1394 3971 1459 4026 Kor.
1477 3971 1518 4035 13,
1538 3975 1560 4024 1.
1579 4000 1611 4009 -

305 4061 341 4116 16
368 4060 421 4114 ίει.
444 4061 468 4125 7,
493 4059 534 4113 16.
556 4088 589 4097 -
612 4058 650 4115 18
678 4057 731 4114 ίεε.
751 4061 833 4124 7,14.
855 4087 889 4098 -
912 4057 952 4112 20
979 4057 1033 4112 ίοε.
1052 4059 1075 4124 7,
1099 4057 1139 4112 16.
1162 4086 1193 4096 -
1217 4056 1256 4111 22
1279 4055 1342 4126 vgl.
1364 4053 1436 4110 Phil.
1458 4055 1482 4118 2,
1504 4057 1519 4108 7
1543 4054 1610 4108 Luk.

305 4147 328 4212 2,
341 4146 382 4200 52.
401 4175 435 4184 -
453 4144 493 4200 24
511 4143 574 4214 Vgl.
588 4143 656 4197 Luk.
669 4146 693 4207 2,
706 4146 747 4200 52.
766 4173 799 4183 -
817 4142 897 4199 256.
915 4141 978 4212 Vgl.
992 4141 1063 4196 Phil.
1076 4143 1100 4209 2,
1114 4144 1137 4198 7.
1154 4171 1187 4180 -
1205 4139 1245 4197 28
1262 4140 1329 4210 Vgl.
1342 4141 1409 4195 Luk.
1422 4141 1445 4207 2,
1459 4141 1501 4196 52.
1519 4171 1552 4180 —
1571 4139 1610 4194 2θ

306 4230 359 4286 ίεε.
378 4233 401 4297 7,
421 4231 461 4286 16.

390 4448 478 4504 θκαί
494 4445 527 4504 τδ
545 4447 598 4502 mit
614 4447 651 4500 H:
678 4452 701 4500 εῖ
719 4446 767 4499 ίιοο
784 4445 856 4514 quod
871 4444 976 4498 ιίίαῖιιαι
993 4449 1031 4498 τοί
1046 4444 1051 4511 l
1068 4445 1104 4501 11
1124 4442 1142 4512 6
1159 4443 1198 4500 Co
1215 4460 1300 4512 quam
1316 4441 1342 4496 H
1359 4443 1398 4510 μη
1416 4441 1433 4495 S
1449 4444 1454 4507 1
1471 4440 1509 4497 16
1527 4433 1610 4496 ἄπιθι
1656 4469 1663 4480 ·

306 4533 429 4605 πονηρία
441 4533 458 4586 S
474 4534 478 4600 ί
494 4531 532 4586 22
546 4527 657 4600 ἑαυτόν]
671 4537 703 4596 ÷
714 4531 834 4598 ίοιιιιαιιι
845 4529 918 4582 servi
928 4529 1066 4598 αοαίμιλκιε
1079 4528 1105 4583 H
1116 4528 1122 4598 1
1136 4529 1176 4584 66
1188 4521 1272 4584 ἄπιθι
1284 4527 1407 4600 πονηρία
1420 4527 1437 4581 S
1450 4525 1517 4597 (vgl.
1530 4525 1556 4580 Z.
1567 4524 1610 4592 16)

307 4620 311 4685 Ι
332 4617 382 4674 καί
399 4610 417 4670 6
440 4617 492 4671 mit
512 4615 549 4669 H:
568 4620 592 4670 τί
611 4633 643 4670 τα
660 4632 729 4684 quae
745 4621 829 4670 τοῦτο
849 4615 887 4671 Co
902 4615 907 4684 ί
923 4614 961 4670 62
979 4611 1006 4670 εί
1021 4614 1071 4670 καί
1087 4612 1187 4671 mitH:
1205 4613 1316 4667 ιίιιικιεί
1333 4605 1394 4668 εἶτα
1413 4611 1430 4664 S
1448 4607 1476 4665 εί
1491 4609 1537 4664 Co.
