3702 5540
674 400 795 457 Homilio
812 400 858 454 IV.
893 401 992 456 Jerem.
1009 403 1034 466 3,
1052 401 1144 456 6-11.
1524 408 1563 470 23

253 559 357 633 Ἰούδα
378 560 471 650 παρὰ
493 561 558 634 τὸν
577 557 721 653 Ἰσραήλ,
748 567 803 637 ἵνα
824 563 910 654 μετὰ
932 563 976 634 τὰ
999 558 1224 653 ἁμαρτήματα
1245 567 1439 653 ἐπιστρέφῃ.
1479 563 1564 654 μετὰ

252 661 318 751 τήν
343 668 558 751 προφητείαν
581 654 644 734 οὖν
664 662 730 752 τὴν
752 663 839 752 πρὸς
860 659 986 753 Ἰσραήλ
1009 661 1213 734 κελεύουσαν
1235 667 1434 752 ἐπιστρέψαι
1457 659 1564 736 αύτὸν

253 759 463 850 προφητεύει
495 756 515 833 δ
545 758 739 853 προφήτης,
771 755 826 834 ὅτι
855 769 1038 852 μέλλουσιν
1068 755 1134 853 ἅμα
1165 770 1321 851 γίνεσθαι
1349 757 1477 853 Ἰσραήλ
1506 771 1564 836 καὶ

252 857 375 944 Ἰούδας
404 868 462 932 καί
494 869 649 950 γίνεσθαί
672 890 758 934 ποτε
784 870 864 952 μίαν
894 859 1099 952 ἀμφοτέρων
1125 870 1305 949 βασιλείαν.
1349 853 1377 952 ᾦ
1404 861 1445 951 δή
1472 869 1564 952 μέλει

220 969 327 1033 ἐτῶν
354 957 647 1051 ἀναγνωσμάτων,
678 969 813 1049 λαβέτω
835 961 880 1034 τὰ
902 959 1035 1052 ῥήματα
1057 968 1119 1052 τῆς
1141 955 1223 1052 ὅλης
1244 959 1390 1052 σήμερον
1411 959 1563 1051 ἀναγνώ-
1642 1053 1644 1058 Ι

254 1084 340 1144 σεως
360 1068 418 1133 καί
439 1056 521 1133 τότε
542 1055 664 1150 ὄψεται
685 1062 730 1134 τὰ
749 1058 904 1151 νοήματα
927 1067 1150 1152 δεδηλῶσθαι.

339 1168 424 1232 »Καὶ
447 1162 519 1233 είπε
540 1160 655 1251 κύριος
677 1158 763 1251 πρός
783 1190 824 1252 με
845 1165 882 1232 ἐν
903 1179 979 1244 ταῖς
1001 1158 1138 1252 ἡμέραις
1151 1157 1279 1234 Ἰωσίου
1301 1167 1366 1234 τού
1385 1169 1563 1248 βασιλέως·

254 1261 339 1344 εἶδες
368 1258 390 1331 ἀ
420 1258 582 1350 ἐποίησάν
614 1291 672 1352 μοι
700 1258 721 1352 ῆ
751 1265 908 1334 κατοικία
939 1266 1003 1332 τοῦ
1032 1257 1201 1351 Ἰσραήλτ,
1232 1257 1294 1332 ούκ
1319 1257 1445 1346 Ἰούδα,
1477 1259 1565 1335 ἀλλὰ

258 1366 339 1432 »τοῦ
359 1355 503 1449 Ἰσραήλ(
528 1367 687 1450 πρῶτον;
717 1359 904 1450 »ἐπορεύθη
927 1363 983 1431 ἐπὶ
996 1368 1067 1434 πᾶν
1082 1353 1163 1450 ὅρος
1176 1356 1313 1450 ύψηλὸν
1326 1365 1383 1432 καί
1397 1357 1563 1434 ύποκάτω

203 1469 236 1524 10
253 1459 384 1542 παντὸς
406 1459 511 1546 ξύλου
532 1458 708 1544 ἀλσώδους
728 1466 785 1532 καὶ
800 1455 1003 1549 ἐπύρνευσεν
1018 1465 1125 1550 (Exci).
1161 1468 1219 1532 καί
1233 1461 1310 1533 εἶπα
1324 1461 1410 1551 μετὰ
1424 1460 1466 1534 τὸ
1480 1489 1563 1550 πορ-

254 1566 368 1631 νεῦσαι
389 1556 497 1648 αάτήν
511 1557 626 1632 πάντα
640 1567 761 1634 ταῦτα·
784 1555 1001 1648 ἀνάστρεφον
1015 1554 1102 1649 πρός
1115 1584 1167 1650 με·
1190 1565 1262 1649 (καὶ
1278 1557 1341 1632 ούκ
1357 1559 1564 1651 ἀνέστρεψα)

252 1665 308 1731 καὶ
330 1660 417 1730 είδεν
439 1659 504 1748 τῆν
527 1656 730 1732 ἀσυνθεσίαν
745 1655 867 1748 αύτῆςτ
886 1664 948 1748 τῆς
962 1655 1090 1750 Ἰσραήλ
1107 1666 1303 1750 συναγωγῆς
1321 1657 1358 1750 »ἦ
1375 1657 1564 1742 ἀσύνθετος

169 1769 236 1832 219v
253 1756 366 1831 Ἰούδα.
385 1765 389 1847 Ι
407 1767 464 1831 καὶ
485 1760 594 1832 εἶδον(
620 1765 653 1832 οί
675 1759 742 1834 ἀπὸ
757 1757 871 1844 Ἰούδα,
897 1755 1003 1830 »διότι
1016 1764 1093 1846 περὶ
1115 1756 1261 1832 πάντων
1285 1751 1342 1850 τδνΙ
1355 1768 1564 1849 κατελείφθη

255 1864 291 1930 ἐν
317 1857 369 1942 οίς
394 1862 554 1948 ἐμοιχᾶτο
579 1855 600 1949 ῆ
623 1867 779 1933 κατοικία
801 1865 865 1933 τοῦ
885 1855 1029 1949 Ἰσραήλ,
1059 1866 1116 1930 καὶ
1137 1863 1355 1947 ἐξαπέστειλα
1378 1855 1486 1949 αύτῆν
1507 1865 1564 1930 καί

204 1965 237 2018 15
255 1961 365 2031 ἔδωκα
393 1954 479 2047 αύτῆ
500 1966 631 2045 βιβλίον
652 1957 892 2032 ἀποστασίουτ.
936 1965 1015 2030 δέον
1041 1964 1266 2048 παιδευθῆναι
1292 1958 1355 2033 τὸν
1376 1955 1502 2032 Ἰούδαν
1523 2001 1564 2012 -

255 2064 473 2146 ἐξαπέστειλε
498 2058 563 2148 γάρ
588 2058 652 2132 τὸν
673 2054 814 2150 Ἰσραήλ,
842 2057 907 2148 τήν
933 2057 1134 2148 συναγωγήν
1153 2053 1295 2149 Ἰσραήλ,
1326 2060 1485 2146 ἐξέβαλον
1508 2054 1564 2130 αύ-

255 2159 335 2242 τούς
357 2164 403 2242 είς
423 2153 612 2247 Ἀσσυρίους
636 2165 710 2230 »καί
732 2161 843 2231 ἐδωκα
865 2154 951 2247 αύτῇ
972 2165 1102 2244 βιβλίον
1125 2155 1334 2231 ἀποστασίου
1355 2163 1402 2242 εἰς
1425 2157 1487 2241 τὰς
1498 2176 1563 2246 χεῖ-

255 2287 316 2347 ρας
331 2255 453 2347 αὐτῆς(
471 2299 512 2308 -
529 2264 603 2330 »καὶ
618 2253 680 2329 ούκ
694 2254 850 2348 ἐφοβήθη
865 2253 886 2347 ῆ
903 2253 1091 2341 ἀσύνδετος
1101 2254 1235 2331 Ἰούδας.
1262 2258 1347 2348 μετὰ
1361 2263 1512 2330 τοσαῦτα
1528 2263 1563 2328 δὲ

255 2355 277 2428 ἀ
298 2362 438 2448 ἐποίησα
459 2363 511 2448 τῷ
526 2352 671 2448 Ἰσραήλ,
694 2361 934 2444 ἐξαποστείλας
956 2353 1072 2442 αάτύν,
1091 2358 1170 2442 δούς
1191 2366 1322 2445 βιβλίον
1343 2354 1562 2440 ἀποστασίου,

202 2471 238 2527 20
256 2463 334 2529 δέον
363 2463 587 2546 παιδευθῆναι
617 2456 682 2547 τὴν
703 2451 806 2528 Ἰούδα
833 2457 1034 2547 συναγωγὴν
1055 2462 1090 2544 ἐξ
1121 2449 1172 2530 ἀν
1195 2454 1410 2530 πεπόνθασιν
1431 2461 1561 2541 ἐκεῖνοι,

255 2560 289 2629 οἳ
306 2563 341 2628 δέ
363 2553 404 2628 ού
418 2551 527 2647 μόνον
541 2553 603 2629 ούκ
618 2555 874 2647 ἐπαιδεύθησαν,
898 2553 985 2628 ἀλλὰ
999 2564 1219 2647 προσέθηκαν
1233 2575 1306 2640 τοις
1321 2553 1562 2646 ἁμαρτήμασιν,

255 2653 345 2728 δι’στε
375 2656 419 2728 τά
440 2652 663 2746 ἁμαρτήματα
684 2662 746 2747 τῆς
766 2652 893 2746 Ἰσραήλ
916 2661 1113 2746 συναγωγῆς
1135 2663 1300 2746 συγκρίσει
1321 2662 1395 2728 τῶν
1416 2652 1563 2747 ἀμαρτη-

253 2753 372 2845 μάτων
407 2763 469 2845 τῆς
504 2761 702 2847 συναγωγῆς
732 2762 795 2828 τοῦ
823 2752 929 2828 Ἰούδα
960 2755 1177 2845 δικαιοσύνην
1207 2757 1293 2828 εἶναι
1322 2761 1442 2828 δοκεῖν.
1490 2761 1562 2826 »καὶ

254 2856 365 2926 ἔδωκα
392 2851 479 2945 αύτῆ
501 2864 632 2942 βιβλίον
654 2853 864 2927 ἀποστασίου
886 2861 932 2938 είς
954 2854 1016 2938 τὰς
1036 2873 1148 2945 χείρας
1169 2851 1286 2944 αύτῆς·
1321 2861 1378 2927 καὶ
1399 2851 1462 2927 ούκ
1483 2860 1562 2943 ἐφο-

203 2965 237 3022 25
253 2951 344 3044 βῆθη
364 2950 386 3044 ῆ
409 2952 598 3040 ἀσύνθετος
611 2951 716 3028 Ἰούδα
737 2950 758 3044 ῆ
780 2951 908 3044 ἀδελφή
932 2951 1037 3044 αύτῆς
1056 2963 1113 3028 καί
1126 2953 1297 3045 ἐπορεύθη
1310 2961 1367 3028 καὶ
1381 2951 1562 3044 ἐπόρνευσε

253 3059 309 3125 καί
339 3050 440 3144 αάτῆ,
470 3063 528 3128 καί
556 3059 688 3144 ἐγένετο
716 3050 821 3143 αύτῆς
843 3061 890 3138 είς
912 3051 1051 3145 οάδὲνῆ
1073 3064 1228 3142 πορνεία,
1254 3061 1311 3127 καὶ
1331 3057 1498 3145 ἐμοίχευσε
1520 3054 1561 3126 τὸ

253 3152 358 3239 ξύλον
378 3161 435 3225 καί
456 3155 522 3227 τὸν
542 3163 655 3226 λίθον.
690 3161 746 3227 καί
768 3158 806 3226 ἐν
830 3160 912 3227 πᾶσι
945 3153 1083 3237 τούτοις
1099 3150 1162 3226 ούκ
1176 3152 1371 3244 ἐπεστράφη
1386 3149 1473 3241 πρός
1485 3181 1527 3244 με
1540 3149 1560 3243 ῆ

255 3247 443 3337 ἀσύνθετος
452 3248 556 3326 Ἰούδα
571 3258 605 3340 ἐξ
621 3247 703 3344 ὅλης
718 3260 780 3344 τῆς
793 3260 933 3343 καρδίας
948 3250 1062 3344 αὐτῆς,
1079 3249 1160 3327 ἀλλ’
1169 3258 1224 3327 ἐπὶ
1233 3252 1365 3342 φεύδειτ
1380 3258 1562 3342 ἐπέστρεψε

253 3348 340 3440 πρός
365 3381 414 3441 με.
458 3350 520 3426 ούκ
546 3350 675 3443 ᾐδέσθη
699 3383 740 3443 με
766 3358 801 3440 ἐξ
828 3346 879 3425 ἀν
904 3360 1074 3444 πεποίηκα
1100 3360 1152 3442 τῷ
1170 3348 1315 3444 Ἰσραήλ,
1343 3357 1399 3426 ίνα
1425 3361 1562 3436 τελείως

201 3459 237 3516 ³0
253 3456 448 3542 ἐπιστρέφῃ,
472 3449 560 3526 ἀλλὰ
582 3459 661 3525 δέον
683 3449 792 3544 αύτῆν
813 3458 1028 3543 ἐπιστρέφειν
1048 3458 1086 3526 ἐν
1108 3450 1262 3544 ἀληθείᾳ,
1283 3449 1305 3542 ῆ
1328 3459 1364 3524 δὲ
1379 3457 1433 3525 ἐπὶ
1447 3451 1562 3541 ψεύδει

253 3553 450 3640 ἐπέστρεφε·
476 3558 550 3624 »καὶ
571 3556 608 3623 ἐν
629 3559 710 3625 πᾶσι
731 3551 870 3637 τούτοις
893 3549 955 3626 ούκ
976 3558 1162 3644 ἐπέστρεφε
1182 3549 1269 3642 πρός
1283 3581 1322 3641 με
1338 3548 1358 3642 ή
1375 3550 1562 3636 ἀσύνθετος

252 3645 358 3723 Ἰούδα
380 3653 416 3739 ἐξ
442 3645 525 3740 ὅλης
546 3657 609 3743 τῆς
629 3658 768 3742 καρδίας
791 3649 896 3743 αύτῆς
918 3649 992 3726 ἀλλ’
1015 3657 1070 3725 ἐπὶ
1090 3649 1215 3740 ψεύδει.
1253 3659 1310 3724 καί
1331 3653 1426 3724 είπεν
1446 3649 1562 3741 κύριος

253 3746 339 3839 πρός
366 3765 420 3840 ’με’
451 3755 626 3824 ἐδικαίωσε
656 3751 722 3842 τὴν
752 3751 864 3844 ψυχήν
894 3749 1000 3843 αάτῆς
1020 3748 1148 3843 Ἰσραὴλ
1180 3748 1248 3824 ἀπὸ
1280 3757 1342 3841 τῆς
1372 3747 1562 3824 ἀσυνθέτου

339 3955 396 4011 111.
415 3954 478 4027 ng
490 3955 588 4010 ίοτεατ
601 3957 625 4024 3,
638 3956 679 4012 12.
694 3958 733 4012 14.
750 3957 790 4013 18.
809 3985 842 3996 -
862 3958 900 4014 16
920 3956 983 4028 vgl.
996 3957 1023 4011 H
1034 3957 1105 4011 Κσα.
1118 3958 1158 4021 17,
1171 3956 1213 4011 23.

339 4141 355 4197 l
375 4133 493 4214 Ἰσραήλ]
517 4127 581 4212 W·
604 4135 682 4212 ’ἐίίμΙ
699 4141 716 4196 S
734 4134 855 4214 Ἰσραήλ·
878 4135 939 4198 εἶτα
958 4140 996 4198 co
1021 4142 1026 4210 Ι
1049 4138 1068 4195 4
1085 4140 1174 4210 μέλει]
1192 4138 1287 4208 μέλλει
1305 4140 1322 4194 S
1345 4142 1350 4209 Ι
1377 4141 1462 4198 1-8.
1475 4142 1516 4208 28,
1528 4141 1562 4197 20

254 4222 355 4278 Ηὶοττιι
366 4225 504 4296 Ἑτεμιωθ
521 4226 551 4280 in
562 4226 594 4280 O:
613 4219 872 4293 Αὔξει-ἀνέξεται
886 4230 890 4295 Ι
906 4227 924 4283 8
943 4223 1081 4296 ἐποίησάν
1099 4225 1159 4294 μοιΙ
1176 4225 1242 4293 fecit
1257 4224 1332 4278 mihi
1342 4223 1368 4277 H
1385 4221 1500 4294 ἐποίησέ
1510 4243 1560 4293 μοι

253 4307 296 4361 Ru
310 4308 315 4377 Ι
330 4307 347 4363 θ
365 4301 501 4380 ιἸσραὴλ·
521 4315 637 4383 πρῶτον
653 4309 706 4366 mit
721 4311 760 4365 H:
780 4311 865 4380 ριδαε
882 4310 971 4366 Israel
985 4304 1099 4383 Ἰσραήλ.
1129 4310 1252 4382 Πρῶτον
1269 4309 1287 4362 S
1302 4309 1306 4376 Ι
1323 4308 1362 4364 10
1379 4305 1441 4364 ἐκεῖ
1453 4307 1506 4362 mit
1523 4308 1560 4362 H:

253 4391 312 4444 ι’ίίία
328 4410 355 4446 u.
373 4393 447 4447 LXX
470 4394 474 4461 Ι
499 4393 537 4450 11
555 4397 604 4451 καί
622 4392 674 4451 οὐκ
691 4393 849 4469 ἀνέστρεψε
861 4396 899 4452 Co
917 4395 974 4467 vgl.
992 4395 1066 4450 Lxx
1083 4399 1108 4448 εί
1124 4410 1180 4448 που
1191 4399 1230 4448 est
1246 4393 1412 4448 conversali
1431 4393 1437 4462 Ι
1453 4393 1491 4448 18
1510 4383 1560 4461 ὧν]

252 4484 287 4534 <
298 4475 324 4529 Η
335 4495 369 4531 w.
382 4492 405 4532 ο.
418 4478 475 4532 τοία
490 4480 494 4546 Ι
511 4479 550 4536 15
568 4477 633 4536 δέον
650 4481 838 4550 παιδευθῆναι
855 4477 905 4535 τδν
918 4473 1033 4548 Ἰούδαν]
1046 4488 1079 4537 <
1091 4478 1118 4532 Η
1132 4481 1136 4548 Ι
1153 4479 1192 4535 16
1204 4479 1255 4548 τὴν
1268 4477 1434 4548 συναγωγήν
1444 4469 1561 4549 Ἰσραήλ]

253 4569 286 4617 <
298 4559 344 4630 ΗΙ
360 4559 399 4616 Ιθ
417 4559 546 4633 ἐποίησα]
564 4560 680 4634 ἐποίησε
690 4563 715 4632 ,θ
729 4581 817 4634 passa
833 4569 872 4619 αεί
889 4565 916 4619 Η
930 4566 935 4634 Ι
950 4560 1135 4632 ἀποστασίου]
1154 4569 1187 4627 -Ι-
1202 4562 1235 4615 τ“ιι
1251 4577 1353 4616 manus
1369 4577 1437 4616 εκατ
1453 4561 1488 4617 Η.
