3694 5542
452 456 504 512 Die
521 455 728 526 selbstnndigen
745 455 910 528 Frngmente
927 473 976 510 aus
993 456 1042 510 der
1058 454 1322 524 Prophetenkatene.
1467 460 1528 523 213

227 624 453 707 προαιρέσεως
474 616 614 710 ἀγαθῆς.
656 626 707 708 τῷ
730 624 804 709 ἰδίῳ
827 626 888 708 μὲν
909 613 972 691 ούν
994 617 1086 709 λόγῳ
1108 615 1241 700 πάντας
1261 613 1402 707 ήνωσεν.
1444 623 1473 690 εί
1495 624 1533 689 δέ

228 746 318 800 τινες
339 715 565 802 ἀπειθοῦντες
586 715 773 808 ἐφάνησαν,
797 716 939 792 ἀνίατον
960 717 1001 790 τό
1023 715 1139 800 πάθος
1159 715 1356 808 ἐκτήσαντο.
1399 717 1446 800 είς
1468 710 1530 788 ούν

228 813 247 890 ό
268 825 335 902 πᾶς
348 814 551 909 Ἰοραηλίτης
571 816 659 890 κατά
681 818 746 908 τήν
767 825 959 909 συγγένειαν
981 818 1046 909 τήν
1065 815 1245 908 ἀληθινήν,
1266 821 1312 891 >ol
1327 817 1390 907 γάρ
1404 814 1532 899 πάντες

229 922 265 988 ἓν
295 917 392 1008 σῶμά
424 923 523 1009 ἐσμεν
553 925 608 990 καὶ
640 918 686 1002 είς
716 917 821 1006 ἀρτος
845 926 901 989 καὶ
927 924 991 990 τοῦ
1016 916 1092 1000 ἑνός
1117 923 1298 1006 μετέχομεν
1319 915 1531 1006 πνεύματος.

194 1018 491 1107 ῦπλανώμενον
521 1022 557 1090 δὲ
586 1014 793 1108 πρόβατον
823 1012 841 1089 ό
868 1017 912 1107 μὴ
939 1014 1118 1107 τυγχάνων
1144 1022 1205 1105 τῆς
1232 1023 1294 1088 τού
1314 1014 1531 1106 καθήκοντος

228 1115 339 1208 θήρας
369 1121 405 1189 ἐν
433 1146 469 1189 τε
496 1114 587 1207 λόγῳ
613 1123 669 1187 καὶ
690 1114 821 1204 πράξει,
851 1113 873 1206 ἢ
894 1125 946 1210 τῷ
968 1117 1012 1208 μή
1036 1127 1147 1206 ζητεῖν
1167 1112 1190 1205 ἢ
1211 1122 1262 1206 τῷ
1284 1116 1329 1207 μή
1352 1113 1469 1206 εύρεῖν.
1511 1110 1531 1187 5

229 1222 264 1287 δὲ
285 1219 384 1298 εἰδώς
409 1225 465 1288 καὶ
486 1225 600 1290 παιών
620 1215 663 1288 τό
686 1223 746 1305 τῆς
767 1217 981 1306 ἐπιγνώσεως
1002 1213 1043 1288 ού
1062 1222 1246 1289 πλανᾶται·
1273 1211 1293 1287 5
1314 1221 1350 1287 δέ
1371 1216 1531 1288 πλανώ-

228 1343 346 1406 μενος
372 1313 440 1388 ύπδ
472 1313 653 1388 λεόντων
684 1319 905 1402 ἐξωθεῖται.
951 1311 1006 1389 ›5‹
1040 1314 1102 1404 γὰρ
1132 1312 1321 1399 »ἀντίδικος
1347 1311 1443 1406 ήμῶν
1464 1312 1532 1386 διά-

228 1426 332 1502 βολος
359 1413 408 1500 ώς
431 1423 518 1488 λέων
540 1412 734 1506 ώρυόμενος
754 1435 936 1504 περιπατεῖ
956 1422 1070 1505 ζητῶν
1091 1423 1169 1487 τίνα
1190 1424 1368 1504 καταπὶηι.
1411 1411 1474 1506 ήδη
1497 1419 1533 1485 δὲ

179 1535 212 1589 10
228 1521 280 1586 καὶ
319 1515 476 1605 »σκύμνοι
506 1521 648 1599 λέοντος
679 1512 866 1605 ώρυόμενοι
897 1511 1044 1604 ἀρπάσαι
1073 1521 1129 1586 καὶ
1159 1521 1297 1605 ζητῆσαι
1326 1514 1419 1605 παρὰ
1447 1520 1534 1587 θεοῦ

229 1622 356 1703 βρῶσιν
390 1611 524 1698 αύτοῖςι
568 1614 818 1701 ἐπιβουλεύουσι
856 1634 929 1699 τοῖς
959 1620 1113 1700 δικαίοις,
1152 1612 1354 1704 βουλόμενοι
1389 1619 1533 1700 ἐξῶσαι

230 1711 329 1804 ήμᾶς
355 1711 423 1786 ἀπὸ
449 1722 524 1786 τών
550 1709 644 1803 δρῶν
671 1721 732 1804 τῆς
757 1713 902 1804 εἰρήνης.
945 1709 1019 1788 ἀλλ’
1042 1711 1090 1799 ώς
1117 1721 1221 1799 Δαβὶδ
1241 1715 1356 1800 λαβών
1378 1719 1443 1786 τού
1462 1713 1531 1784 πώ-

229 1840 342 1903 γωνος
364 1813 428 1886 τόν
448 1820 572 1886 λέοντα
593 1817 739 1901 ἔπνιξεν,
770 1805 864 1886 ούτω
891 1812 955 1886 τόν
976 1813 1209 1902 πνευματικόν
1230 1818 1346 1900 Δαβίδ,
1368 1811 1433 1886 τὸν
1454 1819 1533 1900 Χρι-

230 1910 323 1998 στόν,
353 1911 582 2003 ἐξαιτήσωμεν
611 1910 760 1997 λαβόντα
790 1912 854 1986 τόν
884 1919 1008 1985 λέοντα
1037 1919 1093 1983 καὶ
1122 1919 1193 1986 πᾶν
1224 1911 1265 1985 τό
1296 1919 1370 1984 τών
1399 1919 1534 2002 θηρίων

180 2031 212 2084 15
230 2018 407 2102 συνέδριον
434 2009 574 2086 ἀνελεῖν.
617 2011 677 2085 δύο
704 2019 740 2085 δὲ
765 2019 830 2085 νύν
852 2011 1012 2102 λαμβάνει
1035 2019 1204 2095 λέοντας
1226 2011 1388 2101 γενικούς,
1410 2009 1474 2084 τόν
1496 2040 1535 2084 τε

229 2107 432 2202 Ἀσσύριον
461 2119 517 2183 καὶ
545 2111 609 2186 τόν
632 2114 906 2199 Βαβυλώνιον.
947 2111 1034 2183 κατὰ
1065 2111 1129 2202 τήν
1159 2113 1311 2202 ἱστορίαν
1339 2110 1403 2202 τήν
1428 2116 1464 2181 ἐν
1490 2118 1534 2200 τῇ

231 2209 379 2301 τετάρτη
409 2221 484 2286 τῶν
514 2219 707 2284 Βασιλειών
743 2210 802 2285 δύο
834 2218 933 2284 εἰσίν·
962 2205 982 2283 5
1012 2218 1073 2300 μὲν
1104 2211 1167 2301 γάρ
1188 2207 1354 2299 Ἀσσύριος
1383 2207 1535 2301 ἀπῴκισε

231 2312 314 2396 τούς
335 2313 428 2396 υἱούς
448 2307 575 2402 Ἰσραὴλ
595 2318 654 2395 >είς
664 2307 850 2400 Ἀσσυρίους
872 2312 937 2394 ἐως
956 2317 1017 2401 τῆς
1037 2309 1202 2402 σήμερον,
1222 2304 1242 2381 5
1262 2317 1298 2382 δὲ
1313 2309 1534 2394 Βαβυλώνιος

230 2411 311 2494 τούς
340 2412 433 2494 υἱούς
454 2408 558 2484 Ἰούδα
587 2418 646 2494 »εἰς
668 2419 879 2500 Βαβυλῶνα.
921 2411 1013 2501 πλὴν
1044 2408 1106 2482 ούκ
1137 2413 1201 2499 ἐφη
1230 2417 1292 2480 νῦν
1316 2416 1457 2498 πρῶτος
1477 2415 1533 2480 καὶ

179 2526 213 2580 20
231 2510 401 2603 δεύτερος,
432 2509 518 2584 ἀλλά
548 2519 710 2598 πρῶτος
739 2518 795 2581 καὶ
825 2514 999 2600 ἔσχατος.
1042 2517 1182 2599 πρῶτος
1208 2510 1271 2600 γάρ
1294 2516 1381 2580 λίων
1404 2503 1422 2580 5
1445 2507 1534 2580 ἀντι-

229 2619 381 2700 κείμενος
401 2609 566 2696 διάβολος,
589 2605 727 2693 αύιὸςό
746 2605 1089 2698 εάνθρωποκτόνοςι·
1111 2618 1304 2693 τελευταῖος
1325 2613 1362 2678 δὲ
1383 2613 1437 2680 ἐπὶ
1459 2631 1533 2679 συν-

230 2717 340 2802 τελείᾳ
363 2715 425 2781 τοῦ
447 2713 571 2792 αἰῶνος
595 2705 632 2781 »5
655 2709 845 2799 ἄνθρωπος
866 2715 928 2797 τῆς
950 2705 1122 2798 ἀμαρτίας,
1145 2703 1164 2780 5
1186 2707 1257 2792 υίὸς
1277 2714 1337 2799 τής
1352 2704 1533 2792 ἀπωλείας,

230 2803 250 2879 5
272 2805 494 2898 ἐπαιρόμενος
515 2813 570 2880 ἐπὶ
591 2805 708 2882 πάντα
730 2805 913 2898 λεγόμενον
935 2808 1020 2881 θεόν
1041 2804 1063 2898 ἢ
1086 2814 1258 2898 σέβασμαι.

606 3026 663 3094 Nr.
684 3027 796 3092 xm
837 3027 953 3094 Jerem.
969 3032 1018 3108 27,
1036 3033 1165 3094 17-19.

179 3191 212 3245 25
313 3179 397 3260 (100)
423 3168 471 3244 Ού
491 3169 628 3244 δύναται
650 3166 670 3243 5
695 3168 844 3263 Ἰσραήλ
872 3169 1207 3263 ἀποκαταστῆναι
1235 3178 1292 3256 εἰς
1313 3173 1387 3262 τὴν
1410 3170 1534 3263 νομήν

230 3267 366 3358 αύτού,
398 3271 458 3343 ἐὰν
487 3270 532 3361 μή
563 3269 725 3344 πάθωσιν
752 3276 784 3345 οί
812 3271 871 3345 δύο
897 3281 1072 3356 βασιλεῖς
1098 3268 1119 3342 ἀ
1147 3279 1198 3344 δεῖ
1220 3281 1348 3344 παθεῖν
1368 3269 1452 3361 ύπὲρ
1474 3276 1538 3360 τῆς

230 3376 305 3441 τών
327 3368 561 3444 πεπονθότων
581 3377 696 3456 κακῶς
717 3370 965 3462 ἐκδικήσεως.
1007 3368 1051 3461 μή
1077 3366 1218 3453 πάντως
1243 3375 1279 3441 δὲ
1305 3376 1360 3442 ἐπὶ
1383 3370 1445 3443 τόν
1466 3367 1534 3442 διά-

228 3480 333 3558 βολον
360 3465 382 3559 ή
412 3469 475 3543 τόν
507 3468 724 3560 ἀντίχριστον
754 3467 896 3559 ἐκλάβης
922 3471 986 3544 τόν
1012 3469 1129 3561 λόγον·
1161 3475 1199 3542 ἐν
1225 3473 1297 3557 ἐμοὶ
1323 3469 1386 3560 γάρ
1407 3466 1535 3558 ἀναιρε·

230 3569 330 3660 θήτω
352 3567 621 3660 »συντριβόμενος
642 3567 661 3641 δ
683 3577 830 3654 σατανᾶς
851 3567 919 3642 ύπό
942 3569 1023 3652 τούς
1043 3567 1151 3652 πόδας
1168 3598 1235 3657 μου
1248 3573 1286 3640 ἐν
1300 3567 1413 3658 τάχεκ.
1449 3563 1535 3642 όταν

179 3688 212 3742 30
230 3673 267 3739 δὲ
291 3666 393 3757 ἀνέλῃ
415 3669 497 3752 τούς
518 3669 578 3741 δύο
600 3669 749 3753 τούτους
770 3677 825 3741 καὶ
848 3675 928 3754 τούς
946 3667 1084 3761 μεταξύ,
1107 3665 1433 3759 ἀποκαταστήσει
1463 3669 1535 3741 τόν

229 3765 379 3860 Ἰσραήλ
401 3774 456 3851 είς
477 3767 552 3859 τήν
574 3768 701 3859 νομήν
723 3767 867 3843 αύτοῦ·
894 3763 952 3842 ὅτε
980 3776 1044 3840 καὶ
1067 3765 1280 3859 νεμήσεται
1300 3775 1341 3842 ἐν
1361 3777 1417 3859 τῷ
1434 3777 1533 3856 Καρ·

316 3937 335 3992 Β
354 3937 416 4008 vgl.
434 3939 523 3994 IKor.
542 3942 582 4007 10,
601 3943 642 3995 17.
660 3970 693 3979 -
716 3941 773 3998 511.
793 3941 856 4012 Vgl.
874 3939 954 3996 Hom.
972 3943 997 4008 5,
1015 3941 1057 3996 10.
1075 3969 1108 3979 -
1125 3938 1143 3994 8
1165 3941 1177 3994 I
1194 3940 1266 3993 Petr.
1278 3941 1302 4006 5,
1314 3940 1339 3995 8.
1356 3968 1387 3978 -
1409 3940 1445 3995 10
1462 3938 1534 3993 Ρεα1

231 4023 293 4088 103,
311 4023 352 4077 21.
370 4052 404 4062 -
423 4023 490 4082 121.
513 4023 578 4094 Vgl.
596 4025 608 4078 I
624 4025 697 4080 Sam.
715 4028 760 4087 17,
778 4027 819 4081 34.
836 4027 877 4081 35.
900 4054 934 4064 -
958 4023 994 4080 18
1021 4023 1085 4094 Vgl.
1103 4024 1129 4077 11
1147 4024 1215 4078 Κῠυ.
1235 4026 1275 4085 17,
1293 4023 1334 4077 23.
1357 4053 1390 4063 -
1413 4023 1452 4080 12
1470 4023 1534 4093 ng

231 4106 434 4170 1111512571
452 4112 492 4163 11.
505 4137 538 4148 -
551 4109 589 4164 21
606 4107 870 4179 1811011144.-
882 4110 921 4165 22
940 4109 1067 4164 ΙΙΤὴεεε.
1077 4111 1101 4172 2,
1112 4111 1136 4164 3.
1145 4113 1170 4164 4.
1182 4137 1215 4150 -·
1229 4108 1269 4166 20
1282 4107 1345 4179 vgl.
1359 4107 1534 4174 Rom.16‚20.

316 4259 332 4314 1
356 4254 477 4329 ἀγαθῆς]
500 4254 612 4328 ἀγάπης
630 4260 665 4327 οΙ
684 4258 702 4313 0
723 4259 839 4333 τῷΜ]
857 4256 891 4315 τδ
909 4277 924 4313 υ
943 4261 947 4328 1
966 4259 984 4316 8
1006 4253 1071 4330 ύπδ]
1090 4256 1147 4316 ἀιιδ
1166 4276 1181 4313 ο
1196 4261 1201 4328 1
1216 4259 1235 4314 θ
1252 4258 1377 4326 καταπίῃ
1394 4258 1454 4312 cod.
1472 4257 1535 4312 Vah

232 4359 272 4411 gr.
291 4344 400 4408 1153154
415 4343 548 4398 καταπίει
566 4359 582 4396 ο
598 4351 746 4400 καταπιεῖν
765 4362 781 4399 ο
801 4347 806 4410 1
828 4346 863 4401 10
879 4347 941 4418 θεῷ
963 4362 978 4399 ο
997 4345 1001 4412 1
1022 4345 1060 4400 12
1079 4337 1120 4410 ύις
1137 4340 1152 4398 δ
1171 4345 1255 4398 δᾶδο
1275 4343 1279 4410 Ι
1300 4343 1337 4398 18
1352 4341 1510 4415 χρηοτδνο

233 4426 272 4482 14
284 4423 480 4496 ἐκζητήοωμεν
492 4444 508 4481 ο
521 4429 525 4494 1
540 4429 574 4485 17
588 4423 715 4484 ἀπώκιοε
727 4428 738 4481 l
750 4425 885 4498 ἀπώκησε
897 4445 934 4482 co
949 4431 951 4496 ζ
966 4428 1006 4486 28
1019 4425 1138 4500 ἐκλάβης
1148 4427 1160 4481 1
1172 4423 1351 4499 ἔκλαμβάνης
1362 4428 1392 4482 ο*
1405 4423 1537 4498 ἐκλάβοις

232 4525 622 4600 ο1012812θάναιρέθητδ
646 4515 799 4602 ονντριβάμό
821 4548 838 4585 ο
861 4532 866 4596 1
890 4530 927 4586 30
947 4528 1025 4594 τοδςθ
1049 4529 1061 4584 1
1086 4527 1203 4594 τούτους
1220 4545 1256 4582 oo
1279 4529 1285 4596 1
1308 4525 1536 4597 ἀποκαταστήσει

232 4611 291 4668 cod.
309 4611 372 4666 Vah
391 4630 430 4683 gr.
450 4615 556 4676 1153154
580 4610 811 4682 ἀποκαταστὴοηι
834 4613 844 4666 l
866 4611 1098 4682 ἀποκαταστῆσαι
1119 4630 1156 4668 το
1175 4615 1179 4680 1
1199 4613 1237 4668 31
1259 4607 1308 4668 ότι
1325 4629 1363 4668 co
1379 4611 1444 4668 τότε
1461 4613 1479 4666 l.
