3694 5542
786 453 923 525 Origene&
941 453 1199 510 Jeremiahomilien.

758 645 814 712 Nr.
835 645 884 712 LI.
926 647 1041 713 Jerem.
1060 650 1170 727 37,1“ί.
1189 649 1235 712 18.

423 795 509 880 (130)
538 795 661 874 Εἲποις
692 787 725 864 δ’
748 788 792 862 ἂν
817 786 873 864 ότι
898 799 955 864 καί
981 790 1046 881 τὴν
1075 797 1163 863 ίδίαν
1189 794 1413 862 ἐπιδείκνυσιν
1435 785 1644 880 όχαδότητα,

341 886 381 962 δι’
405 887 449 981 ἣν
478 899 535 962 καί
564 889 628 981 τὴν
659 887 852 977 ἀποτομίαν
874 888 989 982 ἐπάγει
1015 911 1087 974 τοῖς
1114 887 1218 981 αὐτῆς
1241 895 1276 961 έν
1296 895 1390 982 χρείη
1414 887 1643 979 τυγχάνουσιν.

340 989 392 1061 διό
427 989 512 1079 μετὰ
548 988 589 1061 τό
626 993 671 1073 είς
711 985 868 1077 ἀλγεινόν
908 997 1233 1081 θεραπευθῆναι,
1277 986 1644 1080 οίκσδομηθήσεταί

305 1113 445 1179 οφησιν
476 1087 497 1181 ἡ
523 1095 534 1179 [Ι
557 1085 677 1172 πόλις
707 1093 770 1161 ἐπὶ
801 1088 847 1160 τό
873 1085 974 1176 όηος
1001 1087 1130 1182 αὐτῆς.
1171 1109 1276 1162 ποῖον
1296 1083 1398 1178 ὕψος,
1422 1085 1481 1161 »οδ
1503 1086 1644 1160 δύναται
1666 1103 1720 1158 306

339 1187 439 1271 πόλις
459 1194 622 1278 κρυβῆναι
643 1185 761 1259 ἐπάνω
783 1181 883 1278 όρους
903 1197 1070 1280 κειμένηι·
1092 1188 1196 1263 δπσία
1211 1194 1303 1261 ἐστὶν
1317 1185 1337 1278 ἡ
1353 1195 1455 1279 μηδεν
1470 1193 1645 1276 φρονοῦσα

340 1286 503 1361 ταπεινόν
529 1283 552 1376 ἢ
578 1283 812 1376 ἀνθρώπινον,
840 1285 964 1379 ἡδονάς
994 1314 1075 1379 φησι
1100 1297 1156 1362 καί
1177 1294 1333 1362 πλοῦτον
1353 1292 1391 1359 ἐν
1412 1295 1453 1378 χῇ
1474 1294 1529 1358 καί
1549 1284 1645 1373 δοξά-

339 1417 403 1478 ρια.
444 1393 645 1478 »συνηχέρθη
682 1386 745 1478 γὰρ
780 1395 832 1480 τῷ
856 1394 995 1479 Χριστῷ
1024 1395 1081 1460 καί
1111 1388 1154 1460 τὰ
1185 1386 1259 1459 &vm
1290 1397 1400 1477 ςητελα
1446 1383 1555 1458 ταῦτό
1585 1410 1646 1456 σου

339 1493 524 1570 ποιοῦντος
543 1484 861 1576 »οἰκοδομηθήσεται
883 1483 1024 1577 ἡπόλις
1045 1512 1106 1561 σου
1126 1492 1181 1560 ἐπί
1203 1486 1244 1559 τό
1266 1480 1355 1576 όψσς
1376 1483 1499 1576 αὐτῆς.

288 1699 322 1756 10
706 1689 762 1757 Nr.
783 1690 849 1758 Lu
890 1691 1005 1758 Jerem.
1021 1697 1069 1774 37,
1083 1691 1151 1760 211).
1165 1697 1214 1762 23.
1229 1697 1278 1758 24.

421 1841 508 1924 (131)
532 1829 585 1919 Ὦς
606 1841 661 1910 ἐπὶ
683 1845 827 1908 σπανίου
848 1845 958 1926 φησίν.

419 1931 525 2017 Ἐθος
556 1942 591 2008 δέ
622 1943 664 2025 τῇ
682 1943 808 2031 ,γραφῇ
838 1936 923 2024 μετὰ
953 1935 996 2010 τό
1026 1937 1130 2028 πικρὰ
1161 1943 1270 2027 λέγειν
1297 1933 1529 2024 φιλάνθρωπα
1558 1931 1644 2021 πρός

421 2105 525 2176 ⁸ng
543 2105 619 2160 Βδτα
639 2109 679 2174 11,
696 2107 737 2162 22.
755 2135 789 2147 -
815 2107 832 2163 5
854 2106 956 2164 Matth.
974 2110 998 2174 5,
1017 2109 1058 2163 14.
1087 2106 1150 2178 Vgl.
1169 2107 1243 2162 Hier.
1262 2107 1460 2164 comm.1057.
1482 2136 1514 2146 -
1537 2107 1557 2165 8
1580 2105 1643 2176 vgl.

338 2189 480 2256 Μετίου,
500 2189 809 2260 192-vgl.1301.3‚
829 2195 902 2246 1.-
922 2191 1308 2262 12ff.vgl.s.14‚515‚8.

424 2342 441 2396 1
464 2340 571 2396 Vorhor
594 2341 623 2394 in
649 2357 684 2395 co
710 2340 854 2410 folgenden
879 2341 1029 2412 Fragment
1061 2361 1096 2398 zu
1122 2343 1220 2398 Jerem.
1243 2343 1289 2407 36,
1311 2342 1353 2397 22.
1375 2342 1409 2398 23
1447 2340 1520 2410 (vgl.
1543 2357 1584 2410 ep.
1607 2341 1642 2394 ad

338 2423 422 2478 Affic.
440 2427 464 2488 7,
481 2425 499 2480 8
526 2424 599 2480 Hier.
619 2425 721 2480 comm.
740 2426 815 2481 1047.
835 2427 909 2484 1048.
945 2425 1052 2498 olymp.
1070 2426 1126 2496 (Gh
1137 2427 1172 2490 11,
1183 2426 1257 2496 6472:
1280 2417 1359 2482 οὗτοι
1376 2424 1507 2495 λέγονται
1525 2421 1553 2480 σί
1568 2423 1642 2481 κατὰ

338 2506 496 2565 Σωσάνναν
513 2507 722 2582 πρεσβύτεροηι

423 2595 493 2662 (129)
520 2587 681 2666 Ὠριχένανς
707 2590 740 2650 ἐκ
765 2603 814 2663 τῆς
839 2592 911 2666 πρδς
936 2587 1102 2668 Ἄφρικανδν
1128 2589 1278 2661 ἐπιπολῆς
1302 2593 1368 2666 περὶ
1391 2591 1549 2658 Σωσάννας
1570 2595 1643 2660 (σον-

336 2674 442 2744 σάννας
459 2678 495 2746 ο).

421 2761 577 2831 Μέμνημαι
594 2761 743 2832 (μέμνηται
761 2763 788 2832 ο)
806 2761 836 2819 δέ
854 2766 1014 2833 φιλομαδεῖ
1026 2755 1148 2835 Ἑβραίῳ
1170 2763 1219 2816 καί
1238 2761 1440 2834 χρηματίζοντι
1462 2755 1531 2834 παρ’
1548 2759 1644 2829 αὐτοῖς

336 2851 417 2920 σοφῷ
435 2849 538 2917 (σοφοῦ
556 2864 584 2913 o,
607 2847 657 2902 lies
676 2855 768 2916 σοφοῦ
786 2845 897 2920 <νίῷ>λ)
921 2847 1060 2916 συμμίξας
1081 2847 1146 2918 περὶ
1168 2845 1321 2900 πλειόνων·
1347 2837 1398 2916 ἀφ’
1415 2837 1449 2901 οὗ
1471 2841 1511 2912 ὣς
1532 2849 1571 2916 μὴ
1594 2843 1644 2912 ίδος

334 2933 373 3000 μὴ
393 2941 426 2990 <
442 2931 467 3000 α)
489 2929 682 3002 ἀθετουμένης
702 2937 752 3000 τῆς
773 2934 839 3004 περί
857 2930 1013 2995 Σωσάννας
1035 2927 1203 2998 (σονσάννας
1220 2931 1247 2999 ο)
1270 2927 1396 3002 ίστορίας
1412 2925 1577 2998 ἐμάνθανον
1594 2933 1642 2986 καὶ

335 3014 371 3072 τὰ
394 3023 452 3071 τῶν
474 3013 672 3088 πρεσβυτέρων
694 3013 823 3084 ὀνόματα
846 3010 886 3081 ὼς
908 3013 986 3087 παρὰ
1011 3021 1051 3088 τῷ
1063 3005 1187 3089 Ἱερεμίᾳ
1205 3013 1334 3082 κείμενα,
1353 3021 1454 3070 τοῦτον
1472 3009 1574 3084 ἔχοντα
1592 3013 1642 3070 τὸν

335 3100 457 3172 τρόπον·
482 3101 613 3168 »ποιήσαι
635 3115 666 3156 σε
684 3097 782 3172 κύριος
798 3095 839 3165 ὼς
858 3099 994 3156 Σεδεκίαν
1013 3095 1128 3167 ἐποίησε
1145 3100 1194 3154 καί
1211 3093 1252 3164 ὼς
1269 3091 1368 3170 Ἄχιάβ,
1387 3093 1436 3164 οῦς
1453 3095 1642 3168 ἀπετηγάνισε

333 3184 466 3258 βασιλεὺς
484 3187 655 3257 Βαβυλῶνος
672 3180 702 3240 ἐν
720 3185 795 3256 πυρί,
813 3177 847 3239 δι’
866 3183 899 3254 ἣν
917 3179 1055 3253 ἐποίησαν
1073 3179 1196 3252 ἀνομίαν
1210 3175 1393 3255 Ἰερουσαλήμ
1412 3179 1453 3250 (ἐν
1471 3179 1516 3251 ίῆλ
1533 3185 1559 3248 α)
1578 3183 1641 3250 (Jer.

335 3271 375 3338 36,
394 3272 435 3324 22.
454 3271 505 3338 23).

421 3355 479 3410 Kal
496 3347 558 3424 μετ’
575 3353 671 3425 ὀλίγα·

422 3439 479 3493 Καί
501 3433 600 3512 ἕτερον
622 3437 652 3496 δέ
675 3431 738 3494 οἶδα
755 3435 885 3510 Ἐβραῖον
901 3437 968 3508 περί
984 3441 1042 3490 τῶν
1060 3435 1258 3509 πρεσβυτέρων
1274 3433 1383 3492 τρίτων
1400 3433 1533 3500 τοιαύτας
1550 3453 1640 3505 παρα·

334 3521 427 3589 δόσεις
452 3521 585 3596 φέροντα,
612 3519 656 3579 ότι
677 3530 738 3589 τοῖς
760 3517 790 3576 ἐν
812 3525 848 3589 τῇ
870 3517 1050 3594 αἰχμαλωσίᾳ
1072 3516 1215 3588 ἐλπίζουσι
1235 3517 1279 3576 διόι
1301 3525 1351 3587 τῆς
1371 3527 1423 3574 τοῦ
1440 3521 1567 3590 Χριστοῦ
1583 3517 1640 3574 έπι-

334 3608 435 3676 δημίας
456 3603 741 3679 ἐλευθερωβηοεσῦαι
763 3603 822 3662 ἀπὸ
844 3609 893 3671 τῆς
911 3605 954 3670 (-Ι-
966 3599 1021 3660 όπδ
1040 3607 1066 3672 ο)
1093 3611 1145 3660 τοῦ
1172 3600 1279 3676 ἐχθροῦ
1305 3607 1375 3672 (τοῖς
1396 3601 1511 3674 ἐχθροῖς
1528 3604 1556 3672 ο)
1579 3605 1640 3658 δον-

333 3691 411 3756 λείας
428 3699 654 3763 προσεποιοῦντο
674 3687 702 3745 οί
719 3686 904 3763 πρεσβύτεροι
923 3679 1001 3744 οὗτοι
1019 3683 1059 3754 ὼς
1076 3686 1182 3754 εἰδότες
1199 3687 1233 3745 τὰ
1252 3690 1316 3762 περί
1328 3691 1453 3760 Χριστοῦ
1469 3691 1640 3759 σαφηνίζειν,

332 3775 382 3829 καί
404 3769 539 3846 ἑκάτερος
560 3773 654 3832 αὐτῶν
676 3771 830 3844 δναμέρος,
854 3761 871 3842 ᾖ
896 3771 1099 3845 περιετιίγχανε
1122 3773 1232 3846 γυναικί
1253 3775 1301 3828 καί
1324 3773 1358 3842 ἣν
1375 3775 1539 3844 διαφθεῖραι
1558 3771 1639 3845 ἡβού·

334 3861 407 3924 λετο,
435 3855 466 3914 ἐν
488 3855 640 3932 ἀπορρήτῳ
666 3859 752 3925 δῆθεν
779 3853 915 3928 ἔφασκεν,
938 3851 979 3925 ὣς
1000 3853 1058 3932 ἄρα
1080 3857 1191 3916 δέδοται
1213 3855 1288 3932 αὐτῷ
1311 3855 1369 3914 διπδ
1391 3865 1443 3913 τοῦ
1465 3859 1508 3916 ί<
1525 3859 1552 3925 0)
1569 3861 1641 3912 θεοῦ

335 3949 449 4016 σπεῖραι
474 3942 525 3998 τὸν
543 3943 676 4015 Χριστόν.
712 3936 762 3998 εἶτ’
779 3937 850 4010 (εἶτα
869 3944 895 4012 ο)
923 3940 1097 4013 ἀπατωμένη
1122 3949 1157 4013 τῇ
1180 3939 1267 3998 ἐλπίδι
1285 3950 1337 3998 τοῦ
1354 3947 1487 4012 γεννῆσαι
1505 3939 1557 3996 τὸν
1575 3942 1640 4012 Χρι-

333 4026 403 4083 στδν
424 4027 441 4097 ἠ
464 4029 533 4098 γυνη
556 4024 683 4084 ἐπεδίδου
705 4023 807 4096 ἑαυτὴν
828 4035 868 4102 τῷ
890 4025 1047 4094 ἇπατῶντι,
1074 4030 1123 4082 καί
1141 4021 1230 4092 οίίτως
1250 4023 1420 4098 ιέμοιχῶντο
1438 4024 1489 4092 τὰς
1506 4032 1642 4096 γυναῖκας

333 4117 392 4167 τῶν
410 4115 548 4168 παλιτῶνι
568 4111 677 4182 (ίστοαι.
690 4114 731 4175 36,
743 4114 787 4181 23)
810 4109 838 4168 σί
856 4112 1042 4186 πρεσβύτεροι
1058 4103 1153 4184 Ἄχιδβ
1169 4113 1216 4166 καί
1237 4111 1378 4176 Σεδεκίας.
1413 4108 1456 4165 διδ
1474 4114 1568 4174 καλῶς
1585 4103 1647 4166 ίπδ.

334 4201 386 4250 τοῦ
412 4197 516 4264 Δανιὴλ
544 4193 561 4252 δ
587 4194 639 4265 μὲν
668 4190 777 4268 εἴρηται
803 4196 1052 4265 »πεπαλαιωμένος
1077 4202 1174 4250 κακῶν
1200 4196 1314 4268 ἡμερῶν
1341 4196 1464 4267 (ἡμερῶν
1486 4201 1583 4250 κακῶν
1602 4195 1641 4262 ο)<

335 4280 404 4350 (Sus.
422 4280 456 4336 52
473 4280 545 4334 Lxx
565 4275 617 4350 θ’),
641 4275 657 4335 δ
680 4281 709 4337 δέ
731 4279 834 4350 ἢκουσε
855 4278 889 4336 τὸ
915 4275 1019 4345 ιοῧτως
1042 4275 1162 4335 ἐποιεῖτε
1180 4289 1242 4346 ταῖς
1259 4278 1435 4351 θυγατράσιν
1452 4272 1573 4350 Ἰσραὴλι
1592 4281 1641 4334 καί

334 4363 370 4420 τὰ
397 4361 460 4433 ἑξῆς
485 4365 553 4434 (Sus.
571 4367 604 4422 57
622 4365 696 4420 Lxx
716 4363 763 4430 θ’).
804 4357 883 4420 οὗτοι
914 4357 965 4420 οὖν
991 4362 1061 4420 εἰσιν
1089 4361 1117 4419 σί
1142 4363 1191 4420 δύο
1218 4363 1403 4438 πρεσβύτεροι
1429 4361 1459 4420 οί
1484 4361 1641 4418 Σωσάνναν

335 4449 504 4516 (σουσάννας
521 4451 547 4519 ο)
567 4451 893 4522 ψευδομαρτυρήσαντες.

418 4533 437 4589 4
461 4530 603 4604 ἀλγεινὸν]
627 4531 752 4604 ἀλγηρὸν
774 4553 791 4590 ο
814 4539 819 4604 ί
846 4537 860 4590 7
885 4533 978 4606 φησιν]
996 4533 1015 4587 1.
1035 4535 1127 4604 Wl‘?
1150 4537 1154 4602 Ι
1178 4539 1214 4604 μῦ
1231 4533 1288 4602 καί]
1307 4542 1374 4591 <ο
1398 4534 1402 4600 1
1427 4533 1446 4589 8
1469 4534 1581 4604 Χριστῷ
1599 4532 1641 4586 Ru

334 4621 381 4672 θῶ
400 4635 444 4673 σο.
