3694 5542
191 503 195 512 ι
312 434 371 496 170
753 423 891 494 Origene&
908 422 1167 480 Jereminhomilien.

183 591 185 598 ⁴
309 592 353 670 δέ,
376 586 435 659 ἐόν
457 583 604 659 διδάσκω
627 587 690 658 τόν
712 596 811 660 θετον
833 586 946 678 λόγον,
969 595 1072 676 φησὶν
1095 581 1113 658 6
1139 584 1253 676 λόγος·
1280 582 1353 658 »ἐπ’
1376 578 1458 672 όρος
1479 582 1613 674 ύφηλόν

309 683 465 776 ἀνόβηθι,
488 681 508 758 6
530 683 826 776 εὐαγγελιζόμενος
839 691 949 762 Σιών·
972 681 1117 776 ύφωσον
1139 694 1182 776 τη’
1204 685 1292 774 ἰσχύϊ
1310 685 1375 776 τήν
1397 683 1521 776 φωνήν
1541 707 1611 772 σου,

308 781 327 856 6
350 782 641 876 εὐαγγελιζόμενος
661 783 885 877 Ἰερουσαλήμ·
910 786 1086 876 ύφώσατε,
1113 786 1158 878 μή
1185 797 1376 875 φοβεῖσθει.
1423 790 1532 858 ταῦτα
1558 784 1613 856 διό

306 883 371 958 τόν
385 885 541 976 Πασχοόρ,
564 880 619 958 ότι
639 895 889 977 παρακειμένου
914 886 1091 978 »δπερςόου
1112 891 1149 960 ἐν
1167 894 1219 978 τῷ
1235 891 1319 976 οίκορ
1335 893 1454 976 κυρίου
1469 890 1505 958 ἐν
1521 884 1612 973 πύλη

272 1001 288 1054 5
307 993 501 1108 Βενιαμίνι,
516 983 579 1058 ούκ
594 993 641 1070 είς
656 987 697 1060 τὸ
712 983 872 1078 δπερῷον
888 985 1062 1075 ἀνεβίβασε
1076 986 1140 1060 τόν
1154 983 1349 1076 προφήτην,
1370 982 1459 1058 ἄλλα
1476 987 1613 1068 »ἔβαλεν

307 1081 413 1157 αύτδν
435 1086 539 1168 είς
503 1115 566 1159 τον
588 1085 846 1178 καταρρόκτηνι
870 1084 974 1159 κότον.

387 1190 460 1272 (18,)
479 1198 525 1257 11.
550 1193 634 1258 »Καὶ
656 1191 790 1275 ἐγένετο
814 1194 856 1277 τῇ
876 1183 1039 1308 ἐπαύριον
1060 1193 1116 1258 καί
1131 1183 1269 1306 ἐξήγαγε
1283 1185 1430 1274 Πασγώρ
1445 1183 1510 1256 τόν
1522 1179 1612 1273 Ἱερε·
1682 1235 1684 1239 -

305 1293 384 1374 μίαν
406 1289 443 1356 ἐκ
464 1292 529 1358 τοῦ
549 1284 818 1378 καταρρύκτουι.
861 1316 890 1358 ω
911 1285 1004 1376 κύριε
1017 1282 1131 1376 Ἰησοῦ,
1151 1283 1256 1358 πόλιν
1278 1277 1347 1375 ήκε,
1370 1282 1534 1374 σαφήνιζέ
1553 1312 1611 1372 μοι

305 1390 360 1456 καὶ
387 1391 496 1457 ταῦτα
521 1393 577 1458 καὶ
604 1404 678 1470 τοις
704 1383 912 1476 ἐληλυθόσιν
933 1391 987 1459 ἐπὶ
1009 1385 1075 1476 τήν
1096 1383 1329 1474 πνευματικήν
1350 1382 1494 1475 τροφήν.
1535 1389 1611 1466 πῶς

255 1499 288 1553 10
308 1513 368 1573 »τη
353 1483 565 1576 ’ἐπαύριονι
586 1484 753 1576 ἐξάγετ’
710 1487 814 1570 αυτὸς
832 1486 913 1559 »τόν
926 1483 1083 1578 Ἱερεμίαν
1096 1490 1134 1558 ἐκ
1148 1490 1213 1558 τοῦ
1232 1481 1506 1607 καταρρόκτουις
1527 1475 1612 1556 όσον

304 1591 365 1672 μνέ
346 1582 454 1673 νγδιρ
481 1582 706 1676 ἐνέστηκεν
686 1617 707 1677 η
733 1584 879 1677 σήμερον
905 1583 1010 1677 ήμέρα
1036 1584 1197 1676 (σήμερον
1219 1590 1256 1656 δέ
1282 1589 1354 1656 ἐστι
1374 1590 1441 1668 πᾶς
1464 1611 1567 1666 ουτος
1590 1611 1610 1654 ο

305 1684 412 1773 αίοόν),
435 1689 462 1770 [ί
464 1683 516 1772 διν]
540 1691 587 1767 είς
608 1684 673 1757 τόν
693 1683 933 1776 καταρρόκτην
952 1683 1048 1758 κότου
1063 1682 1179 1771 βάλλει
1194 1681 1257 1756 τόν
1271 1680 1457 1774 προφήτην
1472 1679 1491 1756 6
1506 1679 1609 1772 ἆμαρ-

304 1782 431 1867 τοολός
458 1783 517 1856 ἐὰν
540 1789 575 1856 δέ
596 1780 809 1876 παύσηταιή
827 1789 999 1859 ἐνεστῶσα
1019 1782 1125 1875 ήμέρα
1145 1778 1245 1856 καὶ”
1224 1812 1245 1874 η
1266 1777 1386 1875 αύριον
1408 1785 1507 1870 ελθη,
1530 1779 1611 1854 τότε

305 1880 411 1956 αύτδν
434 1881 541 1973 ἐξάγει
563 1883 776 1976 μετανοήσας
797 1881 866 1959 ἀπὸ
888 1891 953 1959 τοῦ
973 1879 1221 1975 καταρρόκτου.
1268 1885 1341 1956 εἶτα
1362 1891 1452 1973 λέγει
1473 1880 1568 1973 αύτῷ
1591 1875 1610 1954 6

254 1998 286 2050 15
303 1979 464 2071 Ἱερεμίας,
487 2013 509 2054 α
492 1978 708 2057 ι’(πείσεται
690 2014 709 2056 ο
724 1985 879 2076 Πασχαίρ.
915 1993 949 2057 τί
970 1991 1060 2074 λέγει
1081 1981 1191 2074 αύτῷ;
1230 2013 1289 2058 νου
1280 1980 1453 2073 ’Πασχώρ
1475 1979 1610 2056 ἐκάλεσε

219 2080 345 2154 3091τὸ
373 2075 483 2172 όνομᾶ
512 2105 574 2156 σου
600 2079 674 2156 ἀλλ’
697 2079 922 2174 ήΜέτοικον.
971 2081 1060 2158 διότι
1086 2081 1166 2157 τόδε
1193 2090 1282 2173 λέγει
1304 2081 1449 2171 κύριοςι.
1468 2088 1611 2171 Ιμέλλει

303 2190 553 2271 μετοικίζεσθαι
573 2182 661 2256 κατὰ
683 2183 748 2275 τήν
771 2181 868 2272 ἀξίαν
889 2191 963 2257 τῶν
984 2179 1237 2274 ἁμαρτημάτων
1251 2212 1271 2254 ο
1261 2173 1486 2273 Ἤασχώρ
1447 2211 1549 2264 ουτος
1563 2187 1610 2264 είς

305 2288 503 2368 Βαβυλῶνα,
527 2278 569 2355 ού
590 2279 703 2373 μόνος,
726 2281 892 2358 ἀλλὰκαὶ
912 2284 997 2374 μετὰ
1020 2278 1350 2371 τῶνφίλωναύτοῦ.
1386 2288 1609 2371 παραδίδοται

305 2380 367 2470 γὰρ
389 2389 440 2471 τῷ
462 2379 779 2473 Ναβοήηοδονόσορ
801 2391 857 2456 καί
878 2383 983 2468 είς
945 2413 1011 2474 την
1029 2381 1238 2473 Σύγχυσιν
1218 2407 1330 2456 απεισι
1351 2387 1408 2452 καί
1427 2377 1609 2468 κολάζεται
1630 2397 1679 2452 257

253 2483 359 2553 θθέπὶ
373 2500 447 2565 τοῖς
463 2477 697 2573 ἁμαρτήμασιν
712 2480 829 2570 αύτοῦ,
849 2489 920 2557 ἐπεὶ
937 2514 951 2548 ε
956 2485 1051 2570 ἔβαλε
1067 2482 1131 2554 τὸν
1144 2478 1332 2572 προφήτην
1346 2478 1444 2564 είς
1407 2508 1471 2552 τον
1483 2509 1607 2570 καταρ-

213 2653 216 2660 ,
303 2577 462 2671 ρόκτηνι.
495 2592 586 2666 τίνες
605 2575 668 2657 οὖν
688 2588 720 2656 οί
735 2592 831 2672 φίλοι
846 2613 909 2656 του
893 2582 1069 2672 ’Πασχτδρ
1083 2611 1147 2655 του
1131 2580 1403 2671 ἐπωνύμου
1360 2610 1423 2671 της
1437 2587 1608 2663 Μελανίας

303 2685 367 2753 τοῦ
388 2678 574 2770 στόματος;
595 2680 723 2767 πόντες
745 2684 777 2756 οί
798 2683 881 2767 τοὺς
895 2679 1019 2772 λόγους
1032 2677 1139 2753 αύτοῦ
1153 2677 1432 2770 παραδεξόμενοι,
1448 2683 1514 2770 <οί>
1529 2704 1607 2768 συμ-

301 2787 564 2866 μελανωθέντες
586 2790 637 2872 τῷ
661 2780 804 2870 στόματι
826 2778 932 2854 αὐτοῦ
954 2787 1006 2871 τῷ
1027 2787 1310 2871 μεμελανωμένῳ,
1332 2784 1365 2854 οί
1386 2776 1537 2870 δόγματα
1551 2807 1606 2868 με·

302 2875 494 2970 λανότητος
516 2879 793 2972 παραδεξόμενοι.
842 2888 916 2953 »καὶ
936 2886 1123 2953 πεσοῦνται
1143 2889 1287 2972 μαχαίρᾳ
1304 2877 1439 2970 ἐχθρῶν
1461 2876 1605 2952 αύτῶνι.

251 2997 284 3052 25
302 2982 335 3051 οί
356 2981 411 3050 ἐπὶ
433 2987 507 3051 τῶν
528 2979 705 3054 κολάσεων
727 2989 936 3071 τεταγμένοι,
958 2972 1056 3053 οὗτοί
1074 2985 1157 3052 είσιν
1173 2984 1206 3053 οί
1221 2980 1283 3064 τὰς
1296 2989 1459 3070 μαχαίρας
1473 2981 1606 3067 ἔχοντες

301 3086 356 3149 καὶ
377 3085 559 3164 ποιοῦντες
580 3089 721 3154 πίπτειν
742 3077 878 3165 αύτούς·
900 3071 1027 3172 περὶ
1000 3109 1051 3152 ων
1067 3109 1085 3151 ο
1075 3073 1203 3169 λόγος
1217 3077 1426 3171 προφητεύει
1440 3086 1497 3150 καί
1512 3103 1606 3170 φησι·

304 3184 375 3250 »καί
404 3179 435 3248 οί
461 3173 638 3268 ὀφθαλμοί
665 3205 727 3254 σου
752 3174 929 3268 όφονταιι.
982 3185 1104 3265 ταῦτα,
1132 3183 1227 3268 φησί,
1253 3177 1297 3249 τὰ
1322 3178 1606 3270 προφητευόμενα

304 3269 471 3363 »όφονταί
493 3301 555 3351 σου
576 3283 609 3351 οί
631 3274 837 3369 όφθαλμοίι.

386 3385 470 3447 »Καὶ
490 3384 525 3449 σὲ
542 3385 600 3450 καί
617 3376 734 3451 πάντα
748 3377 872 3451 Ἰούδαν
887 3378 989 3452 δαισιν
1004 3385 1051 3462 είς
1064 3397 1173 3468 χεῖρας
1187 3385 1351 3465 βασιλέως
1366 3385 1605 3496 Βαβυλῶνοςε.

248 3493 283 3550 30
301 3467 338 3556 ὃς
364 3474 425 3548 ἐὰν
451 3486 659 3568 καταληφθῇ
681 3485 744 3550 τοῦ
765 3475 869 3552 ’ίούδα
891 3472 1003 3562 οὕτως
1024 3475 1228 3570 ἁμαρτωλός
1250 3475 1299 3562 ιδς
1320 3477 1413 3565 ἄξιος
1435 3479 1520 3550 είναι
1542 3483 1605 3549 τοῦ

299 3582 461 3658 βασιλέως
484 3584 707 3662 Βαβυλῶνος,
735 3583 797 3668 τῆς
818 3577 1032 3668 Συγχύσεως,
1058 3576 1336 3670 παραδοθήσεται
1357 3573 1460 3668 αύτῷ.
1506 3570 1603 3649 καὶὸ

384 3837 400 3893 1
420 3837 472 3892 Jes.
485 3839 527 3906 40,
539 3841 563 3895 9.
582 3870 614 3880 -
631 3840 648 3897 8
667 3839 1016 3912 vgl.8.165,12ff.-11
1037 3839 1100 3912 vgl.
1113 3840 1148 3896 δε
1159 3857 1197 3895 or.
1209 3841 1251 3906 27,
1264 3843 1296 3896 13
1309 3840 1393 3910 (Orig.
1406 3839 1439 3904 Π,
1451 3839 1510 3906 372,
1523 3838 1602 3907 11f.):

298 3914 366 3987 έθος
383 3923 414 3992 δή
433 3926 580 3994 πολλαχοῦ
596 3929 654 3980 τῶν
671 3929 792 3997 γραφῶν
809 3922 860 3981 τὸν
878 3922 971 3981 πάντα
991 3923 1082 3980 αἰῶνα
1102 3927 1256 3996 »σημερονε
1275 3926 1433 3990 καλεῖσθαι,
1445 3941 1471 3979 u.
1484 3929 1509 3978 ὁ.
1538 3921 1602 3994 Vgl.

297 4005 378 4062 Philo
396 4007 450 4078 leg.
468 4007 515 4064 all.
533 4009 572 4062 111
590 4009 610 4075 1,
623 4009 656 4065 92
668 4010 710 4064 M:
735 4003 805 4074 »ἕως
821 4013 871 4078 τῆς
887 4010 1013 4080 σήμερον
1030 4008 1161 4082 ήμέραςι,
1178 4006 1321 4065 τουτέστιν
1339 4003 1396 4065 ἀεί·
1420 4004 1436 4064 δ
1454 4006 1510 4082 γδιρ
1529 4006 1603 4064 αίὼν

297 4083 374 4157 ἅπας
390 4097 430 4166 τῷ
449 4093 574 4165 σήμερον
591 4101 815 4166 παραμετρεῖται
832 4097 890 4148 κτλ.
904 4121 936 4132 -
950 4093 995 4152 Ῑθ.
1013 4093 1051 4149 81
1071 4092 1136 4163 Vgl.
1155 4093 1251 4149 Onom.
1269 4109 1347 4148 εευτε
1363 4095 1383 4160 Ι,
1404 4096 1460 4162 174,
1473 4095 1506 4151 91
1524 4112 1550 4149 u.
1564 4101 1600 4151 δα

298 4172 434 4248 Βαβυλὼν
456 4175 594 4248 σύγχυσις.
616 4208 649 4217 -
671 4179 709 4234 21
734 4176 798 4248 vgi.
816 4177 842 4232 S.
861 4180 918 4239 171,
938 4180 977 4231 11.
1009 4177 1070 4248 vgi
1089 4177 1185 4232 Onom.
1203 4195 1280 4234 saera
1302 4179 1321 4244 Ι,
1340 4181 1382 4245 54,
1399 4181 1444 4234 14:
1471 4177 1553 4234 Fauor
1571 4195 1601 4234 οε

296 4259 447 4329 nigredinis
465 4277 491 4314 u.
504 4261 630 4332 dagogen
647 4262 720 4319 Hier.
739 4263 842 4318 Comm.
856 4264 919 4318 977:
941 4261 1068 4328 Ρίιεευοτ,
1086 4261 1134 4332 qui
1151 4263 1346 4333 interpretum
1363 4260 1417 4318 oris
1434 4262 1557 4334 nigredo.

378 4499 395 4556 8
421 4520 472 4569 μοι
494 4501 585 4558 (11160
602 4519 658 4570 μου
680 4503 698 4557 S
721 4503 726 4570 1
750 4503 784 4559 12
811 4501 861 4560 ἐὰν
882 4503 996 4559 είεείοίιί
1018 4505 1062 4559 Gh
1089 4507 1093 4573 Ι
1123 4503 1221 4578 βάλλει
1248 4506 1291 4562 Gh
1314 4505 1387 4579 βάλη
1414 4503 1431 4558 8
1458 4507 1462 4572 Ι
1490 4505 1527 4561 22
1555 4501 1601 4561 02²

296 4585 450 4640 Koetschau
462 4585 624 4642 bieimann
641 4589 690 4642 καί
707 4587 785 4642 Βίεεε
800 4589 804 4656 Ι
819 4587 860 4644 80
878 4591 1049 4659 καταληφθῇ
1067 4589 1110 4644 Gh
1127 4594 1305 4660 καταλειφθῆ
1322 4591 1348 4646 S.
