3694 5542
322 449 383 513 250
718 441 856 512 Origenes'
876 441 1235 514 mageliedorkommentar.

406 613 471 676 Καὶ
492 601 563 694 μετ’
587 599 697 694 ὀλίγα·

403 701 434 774 Ὁ
465 704 580 795 ζυγὸς
611 701 736 776 αύτοῦ
765 703 853 776 κατά
879 711 943 776 τοῦ
969 703 1171 796 τραχήλου
1195 733 1277 792 μου.
1320 711 1493 777 δείκνυται
1519 712 1555 778 δὲ
1576 707 1629 778 διά

323 810 387 878 τοῦ
413 801 588 894 παρόντος
615 807 723 896 ῥητοῦ
748 804 1009 892 τροπικῶτερον
1035 811 1106 876 δεῖν
1127 803 1396 894 ἐπιλαμβάνεσθαι
1419 805 1462 877 τά
1484 801 1532 888 ῶς
1553 814 1630 896 περὶ

321 912 450 977 παθῶν
464 899 814 996 ήμετέρωνλεγόμενα
824 909 933 994 <περὶ>
943 910 1007 976 τοῦ
1019 910 1113 976 θεοῦ.
1135 910 1212 987 πῶς
1226 904 1290 994 γάρ
1305 901 1348 976 ἀν
1362 905 1474 988 ἄλλως
1490 914 1631 996 νοηθείη

287 1004 366 1076 σιὰ
396 1010 458 1094 τῆς
479 1000 690 1094 Ἰερουσαλήμ
716 998 908 1094 ἀσεβήματα
936 1011 978 1094 τῇ
1000 1010 1064 1076 τοῦ
1084 1010 1169 1075 θεοῦ
1194 1011 1524 1095 συμπεπλεγμένα
1547 1012 1631 1094 χειρὶ

322 1099 343 1192 ἢ
365 1111 556 1193 τροπικῶς;
583 1099 624 1175 σύ
644 1103 708 1192 γάρ
731 1103 773 1174 ἄν
795 1133 847 1187 τις
869 1110 961 1193 λέγοι
982 1111 1038 1175 καὶ
1060 1110 1168 1175 ταῦτα
1182 1111 1392 1194 σωματικῶς.
1428 1111 1505 1187 πῶς
1519 1110 1555 1176 δὲ
1570 1101 1632 1176 ούκ

322 1203 468 1289 άτοπον,
500 1210 562 1294 τῆς
593 1209 656 1293 μὲν
681 1199 889 1294 Ἰερουσαλὴμ
917 1201 1052 1288 πόλεως
1083 1196 1183 1294 ούσης
1214 1201 1287 1274 τὸν
1317 1203 1519 1295 τράχηλον
1548 1216 1631 1294 λαμ-

322 1300 486 1388 βάνεσθαι
517 1309 701 1392 τροπικῶς,
734 1302 776 1375 τά
805 1299 853 1386 ῶς
883 1309 969 1376 θεοῦ
998 1309 1034 1374 δὲ
1064 1301 1228 1393 λεγόμενα
1255 1310 1339 1395 μέλη
1369 1303 1414 1394 μή
1440 1301 1504 1374 τὸν
1526 1299 1632 1375 αύτὸν

322 1398 507 1475 ἀκούεσθαι
538 1399 686 1492 τρόπον;
716 1409 869 1493 λεγέσθω
897 1409 933 1474 δὲ
965 1402 1007 1474 τά
1034 1409 1097 1474 νῦν
1123 1401 1171 1486 ῶς
1192 1400 1260 1476 ύπὸ
1281 1409 1389 1494 ψυχῆς
1411 1409 1458 1486 είς
1480 1399 1632 1488 ἀσέβειαν

271 1513 304 1566 10
320 1497 539 1592 ύπνωσάσης,
571 1507 609 1575 ἐν
639 1510 692 1593 τῶ
718 1500 943 1593 ἀφηνιακέναι
968 1509 1030 1593 μὲν
1055 1498 1124 1574 ἀπὸ
1151 1510 1214 1576 τοῦ
1240 1511 1414 1594 σωτηρίου
1440 1509 1543 1592 ζυγοῦ
1569 1509 1632 1574 τοῦ

321 1599 436 1691 ῦγιοῦς
458 1598 573 1692 λόγου,
601 1595 642 1676 ὃν
664 1597 684 1672 ὁ
706 1601 821 1692 σωτήρ
845 1597 1002 1692 ὀνομάζει
1017 1607 1029 1692 ΙΙ
1042 1601 1200 1692 χρηστόν.
1227 1599 1393 1677 ύποδῦναι
1414 1609 1452 1674 δὲ
1473 1601 1537 1674 τόν
1557 1609 1631 1674 τῶν
1652 1615 1708 1671 332

323 1697 560 1793 ἀσεβημάτων,
593 1699 634 1775 δι’
658 1693 709 1773 ῶν
740 1697 938 1792 ήτόνησεν
964 1697 1128 1788 ἀφεθεῖσα
1155 1709 1216 1794 τῆς
1242 1711 1338 1787 θείας
1365 1707 1550 1792 ἐπισκοπῆς
1575 1710 1632 1774 καὶ

322 1808 555 1891 παραδοθεῖσα
586 1809 628 1892 τῇ
649 1800 869 1891 βασιλευούσῃ
896 1808 970 1874 τῶν
994 1809 1112 1872 κακῶν
1133 1797 1288 1894 άμαρτίᾳ,
1310 1793 1350 1892 ής
1372 1821 1445 1885 τοῖς
1465 1799 1632 1892 θελήμασι

322 1901 376 1972 διὰ
413 1898 454 1972 τὸ
491 1897 732 1991 άπεριόριστον
766 1907 821 1970 καί
857 1898 1000 1990 άπειρον
1034 1905 1096 1990 τῆς
1126 1909 1244 1984 κακίας
1275 1897 1316 1972 ού
1347 1901 1487 1974 δύναται
1516 1899 1632 1990 πάντη

270 2020 304 2073 15
321 1998 531 2092 ύπουργήσαι
553 2008 608 2071 καὶ
630 1997 736 2092 κόρον
756 1995 842 2089 αύτή
864 2018 1056 2090 παρασχεῖν.
1093 2019 1251 2073 ταπεινοῖ
1268 2007 1303 2072 δὲ
1321 1993 1435 2084 ὄντως
1451 1996 1471 2090 ή
1486 1996 1631 2090 άμαρτία

322 2109 378 2172 καὶ
404 2100 495 2190 ἄγχει
522 2109 578 2172 καὶ
600 2098 696 2172 κάτω
716 2105 854 2187 βλέπειν
875 2118 983 2171 ποιεῖ·
1014 2097 1131 2190 ζυγὸς
1157 2106 1192 2170 δὲ
1214 2105 1269 2170 καί
1292 2099 1332 2173 τὸ
1354 2098 1506 2184 συνειδὸς
1528 2099 1632 2189 άγχον

321 2197 373 2271 ἀεὶ
399 2206 454 2270 καὶ
483 2207 677 2291 τιτρῶσκον
697 2206 753 2270 καὶ
775 2193 952 2272 ἀνανεύειν
973 2197 1017 2288 μή
1040 2205 1238 2288 συγχωροῦν
1259 2207 1315 2270 καὶ
1337 2197 1445 2290 πάσης
1467 2196 1629 2288 ἀφαιρού-

322 2328 427 2389 μενον
456 2307 650 2390 παρρησίας.
693 2297 836 2390 πάρεσιν
858 2305 906 2384 δέ,
931 2305 1027 2388 φησί,
1049 2309 1105 2372 καί
1136 2305 1205 2388 τῆς
1236 2297 1371 2388 ἰσχύος
1401 2293 1421 2389 ή
1448 2298 1631 2390 μὴκαλῶς

323 2398 508 2491 ἐχρησάμην
531 2403 676 2488 ἐποίησε,
699 2406 754 2470 καὶ
777 2397 897 2488 λύομαι
921 2397 963 2469 τά
985 2397 1170 2489 συνέχουσά
1192 2429 1232 2490 με
1254 2407 1433 2488 θεωροῦσα
1455 2398 1550 2472 κακά.

270 2641 305 2698 20
673 2617 729 2684 Nr.
751 2617 878 2684 XXXII.
922 2616 1280 2704 KlageLJerem.1‚15.

409 2762 477 2836 Ούκ
508 2769 549 2836 ἐκ
578 2771 699 2854 μέσου
728 2790 803 2850 μου
833 2768 972 2854 ἐξῆρεν
1003 2759 1128 2845 αύτούς
1154 2770 1196 2852 (εί
1223 2763 1285 2854 γάρ
1311 2773 1367 2836 καὶ
1394 2759 1631 2856 ἀπεστερήμην

296 2869 300 2876 ’
323 2863 450 2950 αύτῶν,
479 2860 553 2938 ἀλλ’
576 2867 655 2954 ἐξῆν
683 2869 729 2946 είς
751 2863 848 2950 ἕτερα
870 2861 1167 2952 καταχρήσασθαι),
1190 2859 1265 2936 ἀλλ’
1288 2867 1454 2955 ἐνμέσῳ
1476 2893 1550 2956 μου
1570 2893 1631 2936 πα-

323 2975 401 3036 θεῖν
423 2961 547 3046 αύτούς
568 2969 766 3034 κατεδίκασε
788 2958 831 3033 δι’
846 2954 932 3052 άπερ
954 2959 1108 3052 ήσέβησα,
1130 2971 1185 3032 καὶ
1207 2960 1423 3036 πεπόνθασιν
1443 2968 1475 3036 οί
1496 2967 1631 3036 ἐκλεκ-

324 3071 387 3137 τοί
415 3092 490 3148 μου
516 3063 558 3135 τὰ
588 3061 834 3152 γαλεπῶτατα,
857 3059 964 3135 αύτοῦ
991 3070 1054 3134 τοῦ
1078 3072 1197 3152 κυρίου
1223 3063 1288 3136 τόν
1312 3065 1409 3136 οίνον
1435 3071 1499 3136 τοῦ
1520 3071 1632 3153 θυμοῦ

271 3183 304 3236 25
324 3161 430 3236 ιιύτοῦ
452 3168 489 3235 έν
511 3167 620 3253 ληνῷ
643 3158 904 3253 πατήσαντος
926 3166 972 3244 είς
993 3163 1194 3252 πλησμονὴν
1215 3167 1289 3253 ἐμοὶ
1303 3171 1359 3234 καὶ
1374 3171 1416 3254 τῇ
1439 3169 1630 3253 παρθένῳ

324 3271 387 3337 τοῦ
412 3259 684 3350 βασιλικωτάτου
709 3257 840 3332 Ἰούδα.
885 3267 975 3349 λέγοι
1005 3259 1038 3333 δ’
1061 3260 1104 3334 ἀν
1130 3263 1314 3352 ἰσχυρούς
1339 3271 1400 3354 μὲν
1427 3265 1508 3347 τούς
1534 3269 1631 3335 δυνα-

324 3365 404 3447 τούς
434 3367 471 3434 ἐν
500 3368 640 3451 πολέμῳ
670 3367 727 3432 καί
754 3367 816 3451 τῆς
836 3367 1001 3450 πατρίδος
1021 3359 1328 3450 ύπερασπίζοντας,
1351 3365 1565 3448 έκλεκτοῦς
1595 3369 1630 3434 δε

323 3464 404 3547 τούς
426 3458 567 3551 εύγενεῖς
589 3457 610 3550 ἢ
633 3458 768 3548 σοφούς.
805 3468 979 3550 σαφηνίζει
1001 3466 1037 3532 δε
1058 3460 1098 3532 τὸ
1122 3460 1248 3550 ληνόν
1271 3459 1471 3553 ἐπάτησεν
1492 3462 1533 3536 τό
1555 3470 1630 3549 περὶ

324 3568 384 3652 τῆς
411 3570 484 3634 τῶν
512 3557 730 3650 ἁμαρτωλῶν
752 3568 915 3650 τιμωρίας
937 3563 975 3630 ἐν
995 3567 1142 3651 Ψαλμοῖς
1164 3568 1352 3652 εἰρημένον·
1385 3559 1572 3652 »ποτήριον
1593 3566 1631 3634 ἐν

270 3675 305 3729 30
320 3669 406 3751 χειρὶ
427 3668 554 3750 κυρίου,
577 3664 674 3732 οίνου
694 3657 847 3748 ἀκράτου
861 3664 987 3749 πλῆρες
1000 3657 1238 3750 κεράσματοςι,
1262 3659 1464 3750 κλινόμενον
1479 3666 1516 3734 ἐκ
1531 3667 1633 3734 τοῦδέ

323 3789 419 3842 τινος
440 3766 504 3832 τοῦ
524 3767 755 3849 κολαζομένου
776 3764 831 3830 ἐπὶ
854 3756 954 3831 τόνδε
978 3757 1040 3830 τόν
1058 3758 1299 3851 κολαζόμενον,
1323 3763 1387 3844 ἕως
1401 3769 1505 3833 πίωσι
1531 3759 1630 3832 »πάν-

324 3889 378 3943 τες
401 3864 433 3932 ολ
456 3855 654 3949 ἁμαρτωλοὶ
677 3865 738 3948 τής
760 3865 849 3949 γήςι,
873 3865 933 3948 τῆς
956 3857 1077 3948 τρυγός
1099 3858 1369 3951 ἀπολειπομένης
1387 3879 1460 3942 τοῖς
1474 3855 1629 3950 ἀμαρτω-

408 4031 468 4086 M.
492 4029 555 4100 vgl.
576 4029 629 4086 Sel.
646 4030 676 4084 in
695 4031 762 4084 Gen.
782 4035 808 4094 1,
827 4029 861 4084 26
883 4029 933 4098 (Lo
950 4031 979 4092 8,
998 4031 1054 4096 50):
1085 4028 1238 4099 συνάγουσι
1259 4031 1346 4102 μυρία
1364 4029 1449 4102 ῥητά,
1476 4028 1547 4100 μέλη
1565 4027 1628 4085 δνο-

321 4113 449 4184 μάζοντα
467 4118 539 4171 θεοῦ
556 4119 614 4170 κτλ.
638 4145 671 4154 -
696 4117 732 4172 11
753 4112 815 4184 VgL
835 4113 935 4170 Matth.
954 4117 995 4183 11,
1013 4117 1054 4172 30.
1077 4146 1109 4154 —
1129 4117 1179 4171 21.
1199 4117 1237 4170 22
1264 4115 1325 4186 VgL
1343 4115 1481 4186 Hexapla:
1508 4109 1546 4170 5⁹
1564 4113 1629 4180 τοὺς

321 4197 495 4270 μεγιστᾶνάς
511 4219 568 4267 μου
585 4198 682 4272 κύριος
698 4197 764 4263 τούς
782 4195 907 4272 ἐνμέσῳ
925 4217 990 4267 μου.
1013 4231 1046 4240 -
1070 4201 1107 4256 27
1133 4200 1197 4271 Vgl.
1215 4200 1322 4272 Olymp.
1340 4201 1396 4270 (Gh
1414 4201 1460 4268 111,
1479 4203 1534 4268 5ομ
1557 4198 1629 4272 πρὸς

320 4282 373 4352 μὲν
399 4281 433 4339 τὸ
460 4281 554 4354 ῥητόν,
581 4283 648 4350 τοῦς
673 4279 816 4356 ἄρχοντας
841 4285 890 4338 καί
915 4282 981 4349 τούς
1003 4283 1269 4352 νομοδιδασκάλσυς.
1287 4316 1320 4326 -
1344 4287 1383 4343 29
1392 4286 1426 4344 ss.
1449 4285 1522 4340 Psal.
1542 4287 1585 4348 74,
1603 4287 1628 4340 9.

321 4367 385 4438 vgl.
402 4367 432 4422 in
449 4365 548 4423 Jerem.
566 4367 646 4424 Hom.
665 4369 705 4433 12,
724 4370 748 4423 2.

405 4519 425 4574 4
443 4520 509 4590 περί
526 4519 625 4586 (11113
647 4515 794 4585 σωματικά
813 4519 850 4584 ολ
875 4518 910 4573 11
936 4516 995 4588 τὸν]
1017 4518 1094 4582 τὸΞν
1113 4535 1128 4573 α
1152 4523 1154 4586 1
1180 4521 1219 4576 28
1237 4519 1432 4575 πεπόνθεισαν
1454 4536 1470 4574 α
1486 4523 1510 4590 (ε
1529 4519 1585 4574 und
1603 4537 1629 4574 ει

320 4605 348 4658 in
367 4603 516 4671 11331128
534 4602 572 4671 δὲ]
592 4603 624 4670 δή
643 4601 733 4670 0182
751 4607 800 4670 τῆς
817 4609 868 4672 γῆς
886 4599 1051 4674 ἁμαρτωλοί
1070 4623 1094 4658 ο.
