3768 5544
635 450 755 510 Homilie
773 453 819 508 VL
854 453 952 512 δεεσσε.
971 459 994 520 5,
1012 458 1088 512 3-5.
1478 469 1518 530 49

210 612 315 705 λόγου
336 621 517 706 λεγομένου
538 621 749 705 ἐλεγκτικῶς,
775 623 854 706 φέρε
874 623 988 702 εἰπεῖν,
1011 623 1066 689 ἐπὶ
1081 627 1133 709 τῷ
1149 628 1353 692 καθικέσθαι
1368 628 1519 708 διανοίας

211 724 274 790 τοῦ
300 716 364 806 τήν
394 721 583 804 συνείδησιν
610 722 863 806 μεμολυσμένον
892 721 948 788 ἐπί
976 747 1046 789 τινι
1076 713 1220 812 άμαρτίρι
1250 719 1292 792 τὸ
1323 719 1516 813 λεγόμενον,
1618 728 1626 743 “

210 816 270 888 ἐὰν
295 813 314 888 ό
339 821 400 905 μέν
428 845 479 901 τις
506 824 581 888 τῶν
606 811 805 888 ἀκουόντων
832 814 973 907 οἰλγήση,
1005 814 1094 890 ῶστε
1116 827 1279 911 λεχθῆναι
1299 828 1375 907 περὶ
1398 821 1517 898 αὐτοῦ·

212 916 381 1006 »ίῶρακας
404 915 452 1001 ῶς
474 913 657 1005 κατενόγηι
682 910 702 986 δ
724 921 825 1001 δεῖνα,
848 910 868 988 δ
890 922 927 988 δέ
948 947 1000 1000 τις
1015 925 1089 989 τῶν
1103 913 1306 991 ἀκουόντων
1319 920 1364 1010 μή
1380 917 1517 1012 άλγήση,

175 1014 297 1089 ῡάλλά
328 1015 520 1106 άναισθητή
551 1022 625 1087 τῶν
655 1011 881 1103 ἐλεγχόντων,
913 1022 1019 1106 δῆλον
1048 1011 1103 1089 ὅτι
1129 1014 1329 1108 λεχθήσεται
1356 1030 1433 1111 περὶ
1455 1029 1518 1095 τοῦ

208 1112 284 1206 μηδ’
306 1121 565 1204 αἰσθανομένου·
591 1120 838 1204 ιέμαστίγωσας
859 1111 983 1199 αὐτοὺς
1003 1124 1059 1187 καί
1082 1113 1144 1188 οόκ
1165 1114 1364 1208 ἐπόνησανι.

292 1223 363 1289 Μία
392 1223 453 1306 μὲν
485 1215 631 1307 διήγησις
660 1209 745 1304 αότη
772 1223 847 1304 περί
875 1221 938 1288 τοῦ
968 1213 1047 1288 »οὐκ
1073 1213 1260 1308 ἐπόνησαν(
1289 1215 1515 1311 ήέπόνησαν·

208 1320 334 1406 ἴδωμεν
365 1321 399 1388 δὲ
433 1320 461 1386 εἰ
491 1319 608 1405 έχομεν
638 1323 694 1387 καὶ
725 1317 853 1405 ἑτέραν.
899 1323 1054 1404 γίνονταί
1084 1332 1185 1400 τινες·
1205 1321 1242 1389 ἐν
1268 1339 1341 1403 τοῖς
1367 1320 1516 1409 στόμασιν

208 1423 321 1506 μερῶν
343 1445 451 1488 τινων
474 1411 674 1504 νεκρότητες
694 1422 750 1486 καὶ
771 1411 962 1504 ξηρότητες,
984 1423 1040 1486 καί
1062 1413 1228 1501 πολλάκις
1243 1425 1384 1490 τοιαῦτα
1398 1416 1517 1511 πάσχει

158 1526 191 1580 10
209 1514 252 1588 τά
274 1521 505 1605 νενεκρωμένου
527 1521 608 1605 μέλη
630 1514 721 1602 παρά
744 1513 787 1586 τὰ
810 1521 937 1599 ζῶντα,
962 1512 1052 1586 ῶστε
1073 1525 1339 1606 προσαγομένων
1359 1527 1420 1608 μὲν
1442 1529 1515 1592 τῶν

208 1612 319 1688 πόνον
340 1622 477 1705 ποιήσαι
499 1621 696 1704 δυναμένων
718 1620 768 1704 τῷ
793 1623 898 1702 ζῶντι
919 1619 1009 1704 μέλει
1030 1612 1144 1704 άλγεῑν
1162 1620 1292 1688 ἐκεῖνον
1311 1611 1516 1709 ῶπροσάγε-

209 1743 266 1788 ται
288 1713 329 1788 τό
352 1722 476 1788 ποιοῦν
497 1733 631 1799 πονεῖν,
662 1721 929 1803 προσαγομένων
950 1718 985 1783 δέ
1006 1722 1081 1785 τῶν
1101 1715 1300 1788 ποιούντων
1322 1738 1443 1791 πονεῖν
1461 1727 1514 1810 τῷ
1592 1771 1598 1786 .

207 1821 299 1901 μέλει
326 1823 377 1906 τῷ
406 1813 607 1905 ἀναισθήτῳ
629 1811 691 1885 σῦκ
714 1811 913 1886 αἰσθάνεται
932 1817 1072 1902 ἐκεῖνος,
1104 1808 1189 1887 όταν
1210 1810 1231 1905 ή
1255 1814 1418 1908 νεκρότης
1438 1827 1515 1906 περὶ

209 1911 302 1988 αότό.
343 1922 451 1986 ταῦτα
478 1919 569 2003 εἰπερ
596 1915 680 1998 είδες
705 1918 761 1984 ἐπί
787 1913 1043 2003 τοῦσώματος,
1071 1912 1217 2004 μετάθες
1238 1921 1293 1988 ἐπί
1315 1915 1380 2006 τήν
1400 1917 1515 2008 ψυχὴν

156 2031 189 2085 15
207 2023 264 2084 καὶ
286 2009 349 2104 όρα
371 2009 426 2086 ότι
449 2019 540 2087 ἔστιν
562 2043 615 2098 τις
636 2019 691 2085 καί
712 2012 802 2102 ψυχή
824 2020 1029 2104 νεκρουμένη
1050 2013 1093 2085 τά
1113 2021 1208 2104 μέλη,
1232 2013 1320 2087 δι’στε
1334 2016 1379 2107 μή
1394 2016 1521 2091 αἰσθάι

207 2124 326 2185 νεσθαι
356 2111 424 2187 άπὸ
451 2122 524 2187 τῶν
550 2122 737 2203 μαστίγων,
766 2111 832 2185 κάν
858 2117 1005 2184 ἐπίπονα
1030 2120 1263 2204 προσφέρηταί
1293 2144 1379 2188 τινα.
1423 2117 1514 2190 δεινά

206 2221 445 2303 προσφέρεται,
468 2211 540 2286 ἀλλ’
564 2211 626 2286 οὐκ
647 2211 917 2303 αἰσθανθήσεται
939 2209 960 2299 ή
983 2219 1075 2285 δεῖνα
1095 2213 1196 2304 ψυχή,
1219 2213 1304 2305 άλλη
1325 2221 1360 2286 δέ
1375 2223 1512 2290 αἰσθαν-

118 2319 188 2376 234v
206 2313 356 2404 θήσεται.
392 2321 447 2384 καί
470 2310 555 2402 τάχα
578 2311 722 2402 ῶσπερεί
743 2322 898 2384 λυπεῖται
919 2318 1051 2401 μᾶλλον
1071 2316 1125 2383 ἐπὶ
1148 2321 1200 2404 τῷ
1219 2313 1264 2405 μή
1281 2314 1512 2406 αἰσθάΙνεσθαι

204 2409 290 2502 ἤπερ
312 2418 367 2484 ἐπί
388 2421 440 2502 τῷ
465 2410 688 2484 αἰσθάνεσθαι
710 2407 729 2482 ό
750 2411 795 2501 μή
817 2408 1062 2501 αἰσθανόμενος
1081 2409 1149 2484 άπὸ
1163 2410 1285 2486 πόνων
1300 2412 1394 2505 αὐτῷ
1410 2439 1512 2506 προσ-

38 2529 41 2540 ‘
153 2529 187 2584 20
206 2519 412 2603 φερομένων,
451 2509 630 2602 εὐχόμενος
663 2518 796 2600 μᾶλλον
833 2530 952 2582 πονειν
988 2515 1016 2582 εἰ
1051 2511 1260 2602 προσάγοιτο
1291 2513 1334 2587 τά
1365 2520 1512 2589 ἐπίπονα

204 2618 287 2700 (ἐπεί
310 2609 446 2703 σημεῖόν
469 2617 541 2684 ἐστι
563 2617 668 2683 τοῦτο
691 2618 755 2684 τοῦ
777 2617 839 2700 ζήν
861 2606 993 2700 αότόν),
1024 2607 1241 2701 άηδιςόμενσς
1264 2619 1299 2684 δὲ
1320 2617 1375 2686 ἐπὶ
1393 2621 1444 2704 τῷ
1465 2615 1511 2706 μή

204 2710 428 2784 αἰσθάνεσθαι
455 2717 509 2784 ἐπὶ
539 2731 612 2794 τοις
636 2707 822 2793 ἐπιπόνοις.
868 2708 982 2800 ῶσπερ
1010 2709 1050 2801 δή
1078 2718 1180 2784 τοῦτο
1207 2720 1335 2801 γίνεται
1361 2717 1511 2788 ἐπὶτῶν

204 2810 383 2901 σωμάτων,
407 2807 500 2885 οὕτω
523 2816 650 2900 νομίζω
673 2815 710 2882 έν
732 2817 784 2900 τῷ
810 2807 1019 2899 »θελήσωσιν
1042 2815 1069 2881 εἰ
1090 2815 1250 2900 ἐγένοντο
1264 2821 1507 2899 πυρίκαυστοιι

204 2908 368 2983 τοιοῦτόν
393 2941 428 2983 τι
455 2918 656 3000 δηλοῦσθαι·
685 2909 760 2980 οίον
786 2915 850 2980 τοῦ
870 2908 979 2998 πυρός
1000 2916 1279 2999 προσφερομένου
1300 2920 1367 2982 τινὶ
1387 2920 1443 2984 καί
1464 2913 1509 3003 μή

151 3027 184 3080 25
202 3017 454 3102 αἰσθανομένου
476 3017 539 3082 τοῦ
560 3015 753 3096 καιομένου,
785 3005 978 3098 θελήσωσιν
1000 3015 1135 3094 έκεῖνοι,
1162 3008 1413 3095 καταλαβόντες
1435 3012 1509 3101 σύγ-

202 3134 311 3200 κρισιν
331 3110 376 3200 μὴ
391 3117 649 3199 αἰσθανομένων
664 3114 718 3181 ἐπὶ
734 3127 807 3192 ταῖς
823 3105 1003 3198 άλγηδόσιν
1017 3118 1073 3180 καί
1088 3113 1355 3200 αἰσθανομένων,
1377 3121 1509 3202 μᾶλλον

202 3208 426 3282 αἰσθάνεσθαι
455 3213 510 3282 ἐπί
540 3217 592 3299 τῷ
620 3217 700 3298 πυρὶ
730 3203 752 3297 ἢ
781 3207 826 3298 μὴ
856 3205 1086 3280 αἰσθάνεσθαι
1132 3217 1188 3280 καὶ
1217 3203 1353 3296 εὔξαιτο
1384 3211 1426 3283 ἄν
1456 3243 1508 3297 τις

200 3317 457 3400 προσαγομένου
481 3306 639 3381 κάκείνου
666 3314 729 3381 τοῦ
755 3313 952 3396 κεκριμένου
976 3307 1085 3397 πυρὸς
1110 3312 1163 3381 ἐπὶ
1186 3311 1267 3393 τούς
1285 3305 1507 3400 άμαρτωλούς

201 3408 422 3482 αἰσθάνεσθαι
447 3417 578 3498 μᾶλλον
604 3404 691 3498 ήμή
714 3405 944 3479 αἰσθάνεσθαι.
987 3413 1095 3478 ταῦτα
1117 3407 1170 3480 διά
1192 3407 1233 3482 τὸ
1259 3415 1504 3499 ιέμαστίγωσας

148 3520 182 3576 30
200 3507 332 3594 αὐτούς,
354 3518 410 3582 καὶ
432 3505 493 3581 οὐκ
515 3507 723 3599 ἐπόνηΙΙσανι.
1525 3527 1576 3582 165

286 3615 532 3692 »Συνετέλεσας
555 3606 688 3692 αὐτούς,
710 3615 766 3678 καί
789 3602 852 3680 οὐκ
871 3603 1042 3696 ήθέλησαν
1057 3613 1217 3693 δέξασθαι
1230 3614 1412 3679 παιδείανι.
1449 3603 1508 3682 ότε

200 3708 243 3780 τά
270 3708 463 3796 καθαρτικὰ
490 3703 621 3780 ποιειό
644 3714 808 3795 προνοῶν
827 3714 900 3778 τῶν
922 3701 1015 3778 ὅλων
1036 3705 1119 3790 θεὸς
1140 3711 1195 3778 ἐπὶ
1215 3713 1324 3796 ψυχῆς
1346 3719 1506 3803 σωτηρίᾳ,

200 3807 241 3881 τὸ
268 3805 320 3880 ἐπ’
342 3806 437 3898 αὐτῷ
466 3814 687 3879 συνετέλεσεν.
730 3803 863 3895 νοήσεις
889 3811 925 3876 δὲ
948 3805 1022 3894 <τὸ>
1048 3812 1279 3889 ισυνετέλεσας
1304 3803 1429 3891 αὐτοὺς
1450 3818 1506 3879 καὶ

282 3979 303 4033 4
321 3977 384 4048 vgl.
403 3979 550 4044 1Κ11α.20,
564 3979 604 4034 29.
627 4007 660 4018 -
683 3978 762 4033 2211.
785 3976 849 4045 vgl.
867 3977 920 4031 Sel.
942 3976 971 4030 in
990 3975 1061 4030 Ρεαί.
1075 3977 1098 4040 2,
1112 3979 1145 4032 10
1163 3977 1212 4045 (Lo
1227 3979 1265 4043 11,
1278 3979 1351 4044 405):
1381 3976 1458 4048 Τάχα
1476 3979 1506 4036 δέ

197 4063 247 4116 καί
269 4060 310 4127 εἰς
332 4063 515 4132 συναίσθησιν
538 4059 672 4128 έλθδντες
692 4069 750 4118 τῶν
773 4061 851 4118 ἰδίων
872 4057 1058 4128 πταισμάτων
1078 4059 1153 4126 τινες
1170 4060 1373 4134 παραδιδόασιν
1390 4057 1507 4128 ἑαυτοὺς

200 4189 204 4200 .
218 4188 225 4203 .
238 4189 244 4202 .
258 4189 264 4202 .
277 4153 338 4212 τοῖς
350 4143 572 4213 έπιαονωτάτοις
584 4147 634 4202 καί
644 4151 796 4220 βελτιῶοαι
807 4142 980 4214 δυναμένοις.
1011 4137 1092 4213 οἶμαι
1103 4143 1134 4201 δέ
1144 4143 1253 4200 τούτων
1265 4139 1338 4200 εἰναι
1349 4145 1416 4212 τοὺς
1426 4145 1505 4220 παρὰ

197 4238 237 4304 τῷ
252 4227 354 4305 Ἠσαίᾳ
372 4230 554 4301 λεγομένους·
576 4233 758 4300 »θελήσουσιν
774 4233 848 4287 τιτλε
867 4259 901 4268 -
919 4230 959 4285 29
976 4229 1030 4283 Jes.
1042 4232 1066 4294 9,
1079 4231 1103 4285 5.
1121 4259 1154 4268 -
1173 4231 1209 4285 25
1226 4229 1290 4300 Vgl.
1303 4231 1356 4286 ίεε.
1369 4233 1393 4298 9,
1405 4234 1429 4288 5.

281 4369 512 4442 δάναισθητετθ
532 4376 536 4442 1
559 4369 698 4441 8ἰδωμεν
710 4373 736 4426 V
754 4367 880 4441 ἰδομενθ
904 4372 908 4439 ί
933 4371 970 4427 11
990 4369 1082 4426 πόνον
1095 4371 1137 4425 Ru
1154 4370 1281 4427 πόνωνθ
1304 4373 1308 4442 l
1333 4373 1372 4429 18
1390 4365 1417 4444 ᾗ]
1434 4373 1504 4444 ήὸΙ

198 4457 333 4531 νεκρότης
350 4457 387 4512 Οο
411 4455 589 4532 νεκρὼτηςθ
613 4459 617 4526 l
644 4458 682 4514 14
706 4455 774 4514 αὐτὸ
792 4457 836 4512 Gh
858 4452 945 4511 αἰτόν
965 4455 983 4509 S
1007 4457 1011 4521 Ι
1035 4449 1107 4520 εἶδες
1124 4455 1149 4508 V
1172 4451 1262 4521 {vegs
1286 4458 1290 4525 l
1315 4458 1402 4523 1611?
1426 4457 1503 4515 δεινὰ

198 4541 389 4616 προσφέρεται
400 4543 444 4596 Gh
461 4541 729 4616 διαπροσφέρεταιθ
746 4541 980 4615 διαπρισθὴσεται
997 4539 1034 4594 Οο
1054 4539 1058 4606 ί
1079 4540 1115 4594 19
1132 4537 1203 4612 ήπερ
1217 4539 1242 4594 V
1260 4535 1340 4615 εἰπερ
1353 4543 1371 4597 S
1386 4543 1391 4611 Ι
1407 4543 1444 4598 21
1463 4549 1504 4618 τῷ

198 4625 470 4694 (11ιτοῦ8199τδ
488 4621 532 4684 ἐπ’
551 4624 626 4701 αὐτῷ
645 4625 739 4683 (111τδ
757 4621 801 4684 ἐτι)
820 4623 888 4682 aba)
907 4626 925 4679 S
942 4624 1007 4681 τότε
1026 4621 1112 4692 αὐτὴν
1130 4623 1176 4680 Co.

147 4713 155 4731 '
251 4713 370 4766 origenes
383 4709 427 4758 111.
1274 4711 1293 4763 4
