3702 5540
652 497 772 554 Humilia
789 498 823 554 V.
857 497 955 554 Jerem.
974 501 998 562 3,
1017 498 1108 563 22-4,
1126 500 1151 555 8.
1517 509 1556 572 33

249 659 289 734 οῦ
317 659 359 732 τό
385 657 548 750 α’ργῦριον
573 659 622 744 ῶς
649 664 682 733 οἰ
710 658 925 750 φιλάργυροι,
955 668 1012 734 καὶ
1038 662 1103 752 τὴν
1124 668 1337 747 πλεονεξίαν,
1368 659 1444 753 ἥτις
1466 666 1558 735 ἐστὶν

249 768 507 850 εἰδωλολατρία,
530 756 608 832 οῦδὲ
628 760 716 833 ἄλλο
731 790 765 832 τι
780 763 966 851 ἐκθεοῦμεν
982 769 1037 833 καί
1053 769 1292 849 θεοποιοῦμεν,
1316 754 1367 833 ῶν
1383 767 1415 834 οἰ
1429 770 1556 836 πολλοὶ

250 868 481 946 θεοποιοῦσιν,
505 859 593 933 ἀλλὰ
614 856 693 950 ἡμῖν
715 855 734 931 ό
756 864 810 932 ἐπὶ
832 867 914 933 πᾶσι
935 857 1026 947 θεός,
1047 856 1079 932 >δ
1102 865 1157 933 ἐπί
1180 859 1334 946 πάντων,
1357 857 1376 934 δ
1400 862 1454 934 διὰ
1473 860 1557 935 πόν-

249 990 336 1048 των,
369 957 446 1033 δέν
468 965 562 1031 πᾶσκ
582 959 665 1043 θεός
694 963 800 1045 ἐστιν,
830 967 886 1032 καί
913 965 1018 1050 <ἐπεί>
1044 957 1220 1052 η’ρτὴμεθα
1245 968 1307 1052 τῆς
1334 958 1466 1050 ἀγάπης
1496 969 1558 1051 τῆς

215 1062 335 1150 ὀπρὸς
362 1060 426 1133 τὸν
456 1056 542 1133 θεόν
568 1056 602 1149 (ἡ
628 1059 691 1150 γὰρ
719 1057 831 1150 οἰγόπη
853 1067 963 1154 κολλᾷ
985 1057 1071 1151 ἡμᾶς
1093 1068 1144 1151 τῷ
1166 1067 1253 1152 θεῷ)
1275 1067 1431 1151 λέγομεν·
1465 1062 1559 1134 »ἰδοῦ

250 1167 320 1234 οίδε
343 1157 436 1251 ἡμεῖς
457 1155 604 1249 ἐσόμεθό
626 1182 689 1239 σοι,
713 1153 767 1232 ότι
787 1160 828 1230 σύ
848 1158 966 1248 κύριος
987 1157 1007 1232 δ
1029 1158 1111 1243 θεὸς
1132 1156 1258 1251 ἡμῶνι.

333 1273 361 1336 3.
388 1261 473 1332 Εἰτα
499 1255 729 1347 καταγνόντες
754 1267 827 1332 τῶν
853 1267 1038 1350 προτέρων
1066 1257 1163 1350 ἡμῶν
1186 1267 1304 1332 κακῶν
1332 1252 1404 1346 (ὅτε
1430 1259 1558 1350 μεγάλα

249 1367 310 1450 μὲν
336 1365 534 1450 ἐνομίζομεν
554 1367 611 1431 καί
630 1355 747 1447 ῦψηλὰ
769 1357 813 1431 τὰ
835 1364 975 1445 εἴδωλα,
1006 1365 1280 1450 προσεκυνοῦμεν
1300 1367 1356 1431 καὶ
1377 1361 1557 1449 θαυμαστὰ

249 1464 446 1550 ἐνομίζομεν
473 1459 524 1542 οἰς
549 1456 787 1548 ἰλατρεῦομεν·
819 1467 892 1531 νυνὶ
919 1465 955 1530 δέ
980 1465 1196 1548 κατέγνωμεν
1226 1452 1281 1531 ότι
1307 1462 1418 1531 ἐκεῖνα
1444 1458 1559 1532 πάντα

199 1567 233 1622 10
248 1565 356 1649 ψευδῆ
384 1552 427 1650 ἡν
448 1565 504 1630 καί
527 1555 626 1631 οῦδὲν
648 1557 854 1648 ἐτύγχανεν),
888 1565 1029 1649 λέγομεν
1050 1563 1327 1649 ἐπιστρέφοντες·
1360 1551 1489 1643 »ὄντως
1511 1566 1558 1643 εἰς

249 1667 375 1746 ψεῦδος
410 1651 497 1749 ἦσαν
532 1661 565 1729 οἱ
598 1664 752 1744 βουνοίι,
786 1666 843 1730 καὶ
877 1655 971 1749 ἡμεῖς
1005 1657 1235 1747 καταγνόντες
1269 1665 1344 1729 τῶν
1375 1665 1559 1747 προτέρων

250 1755 395 1850 ῦηηλῶν
415 1764 472 1830 καί
493 1765 567 1829 τῶν
588 1764 771 1848 προτέρων
792 1767 1003 1848 θαυμασίων.
1038 1765 1094 1830 καί
1117 1755 1202 1846 τάχα
1217 1757 1277 1829 ἐὰν
1292 1765 1558 1847 φιλοτεχνῶμεν,

251 1855 434 1949 εῦρὴσομεν
456 1857 521 1947 τὴν
543 1856 712 1948 διαφορὰν
733 1865 806 1929 τῶν
825 1863 862 1930 ἐν
877 1877 950 1942 τοῖς
966 1860 1079 1931 ἔθνεσι
1094 1865 1230 1944 βουνῶν
1244 1867 1300 1929 καί
1315 1853 1436 1947 όρέων,
1459 1853 1559 1931 ἅτινα

250 1953 498 2040 καταλιπόντες
520 1961 552 2029 οἰ
574 1955 742 2041 εἰπόντες·
769 1959 862 2030 »ἰδοῦ
882 1961 950 2030 οἵδε
966 1955 1058 2048 ἡμεῖς
1073 1955 1219 2048 έσόμεθά
1235 1982 1297 2042 σοι,
1321 1952 1376 2030 ότι
1390 1959 1430 2029 σῦ
1444 1957 1560 2048 κύριος

201 2054 270 2129 156
292 2056 374 2141 θεὸς
396 2054 492 2149 ἡμῶν
514 2059 578 2142 εἰς,
599 2063 850 2148 κατηγοροῦσιν
871 2055 988 2130 αὐτῶν
1011 2054 1059 2141 ῶς
1079 2065 1229 2146 ψευδῶν,
1252 2067 1308 2130 καί
1329 2065 1403 2129 τῶν
1423 2066 1560 2144 βουνῶν

250 2168 305 2228 καὶ
331 2164 406 2229 τῶν
434 2153 553 2248 ὀρέων.
596 2165 648 2240 τίς
670 2150 733 2230 οῦν
754 2155 775 2246 ἡ
797 2157 944 2248 διαφορὰ
966 2165 1040 2230 τῶν
1060 2163 1098 2230 ἐν
1119 2177 1192 2242 τοῖς
1214 2161 1350 2231 ἔθνεσιν
1371 2153 1482 2248 ὀρέων
1503 2167 1559 2230 καί

252 2264 396 2342 βουνῶν,
420 2250 472 2329 ῶν
493 2254 749 2345 κατεγνωκότες
766 2264 920 2347 λέγομεν·
946 2251 1077 2342 »ὅντως
1092 2265 1139 2341 εἰς
1153 2263 1280 2343 ψεῦδος
1293 2249 1380 2346 ἦσαν
1394 2262 1427 2331 οἰ
1441 2267 1560 2344 βουνοί

252 2363 306 2427 καί
340 2353 361 2446 ἡ
388 2357 525 2447 δύναμις
554 2365 626 2429 τῶν
654 2352 798 2446 όρέωνι,’
826 2364 933 2431 τοῦτο
961 2365 1104 2447 λέγομεν
1125 2353 1217 2446 ἡμεῖς
1238 2353 1466 2446 καταγνόντες
1488 2365 1561 2428 τῶν

253 2463 442 2547 προτέρων.
479 2457 521 2528 τὰ
542 2455 825 2546 προσκυνούμενα
846 2457 938 2546 παρὰ
960 2475 1033 2540 τοῖς
1055 2459 1170 2528 ἔθνεσι
1191 2455 1310 2544 τὰμὲν
1323 2475 1564 2545 προσκυνεῖται

202 2563 236 2616 20
255 2553 303 2638 ῶς
332 2563 424 2636 θεοί,
455 2555 498 2628 τὰ
527 2562 562 2627 δὲ
590 2553 638 2639 ῶς
664 2553 783 2646 ἥρωες.
827 2551 1032 2646 ὁμολογοῦσι
1057 2555 1119 2646 γὰρ
1145 2563 1201 2628 καί
1228 2552 1328 2626 αῦτοί
1347 2564 1426 2645 περί
1447 2585 1562 2642 τινων,

253 2649 324 2742 <ότι
346 2654 546 2746 ἄνθρωποι)
568 2653 742 2745 πρότερον
763 2649 848 2745 ἦσαν
869 2663 924 2727 καί
947 2653 1209 2746 όπεθεῶθησαν.
1242 2651 1404 2743 Ἡρακλέα
1418 2678 1562 2745 προσκυ-

253 2762 368 2827 νοῦσιν
396 2752 456 2844 οὐχ
483 2752 531 2839 ῶς
557 2762 799 2845 γεγεννημένον
827 2753 925 2842 θεόν,
958 2752 1037 2829 ἀλλ’
1067 2754 1115 2840 ῶς
1140 2760 1175 2842 ἐξ
1197 2752 1389 2845 δνθρῶπου
1411 2759 1457 2838 εἰς
1478 2756 1563 2828 θεὸν

142 2891 150 2906 ·
251 2861 522 2944 μεταβληθέντα·
546 2852 748 2944 Ἀσκληπιὸν
769 2863 1019 2946 προσκυνοῦσιν
1042 2853 1091 2938 ῶς
1111 2861 1146 2940 ἐξ
1162 2851 1362 2945 ἀνθρώπων
1377 2851 1421 2926 δι’
1437 2852 1563 2945 ἇρετὴν

251 2961 298 3036 εἰς
319 2954 405 3027 θεὸν
425 2954 706 3046 μεταβεβληκότα.
743 2948 829 3027 όταν
851 2961 886 3026 δὲ
907 2963 1126 3045 προσκυνῶσι
1147 2955 1230 3038 τοῦς
1252 2961 1402 3044 πατέρας
1424 2953 1564 3027 τούτων

201 3063 234 3119 25
252 3049 523 3144 ὀνομαζομένους
545 3052 623 3144 παρ’
647 3052 764 3138 αὐτοῖς
785 3054 902 3140 θεοός,
933 3060 1184 3146 προσκυνοῦσιν
1205 3050 1266 3143 οῦχ
1288 3052 1336 3138 ῶς
1356 3054 1562 3143 μεταβαλόν-

168 3167 234 3224 225ῙΓ
251 3184 313 3237 τας
331 3163 336 3240 Ι
355 3159 391 3239 ἐξ
406 3151 607 3244 ἀνθρώπων
621 3161 669 3239 εἰς
683 3154 795 3238 θεούς,
818 3151 908 3240 ἀλλ’,
932 3152 980 3238 ῶς
995 3159 1118 3226 ἐκεῖνοι
1134 3159 1276 3239 οἰονται,
1292 3155 1396 3237 θεοὺς
1411 3151 1561 3245 ἀρχῆθεν

253 3245 365 3337 ὄντας.
407 3257 544 3326 ἔσονται
573 3261 635 3345 μὲν
666 3247 728 3328 οῦν
759 3259 825 3344 (ol)
857 3251 1007 3345 ἀρχῆθεν
1036 3261 1097 3345 μὲν
1127 3261 1204 3326 θεοί
1237 3253 1454 3344 νομιζόμενοι
1486 3275 1560 3339 τοῖς

337 3424 354 3479 1
375 3424 438 3494 vgr
451 3424 519 3496 Eph.
533 3427 557 3488 5,
575 3427 599 3481 5.
624 3425 687 3496 Vgl.
704 3426 734 3480 in
753 3425 822 3496 Eph.
834 3427 859 3490 5,
877 3429 902 3480 4.
920 3428 937 3482 5
954 3425 1023 3494 (δεῖ
1035 3423 1124 3478 cram.
1137 3424 1184 3489 VI,
1198 3425 1301 3492 190ffl):
1328 3426 1379 3492 τὴν
1396 3426 1563 3491 πλεονεξίαν

252 3507 280 3564 δὲ
308 3507 371 3577 ἢτοι
397 3503 592 3582 ἁπλούστερον
614 3507 819 3579 ἐκδειιιτέον[ί],
846 3507 863 3578 ἢ
886 3504 926 3576 ὥς
948 3507 979 3565 ἰν
1001 3501 1098 3574 ἄλλοις
1119 3511 1337 3581 παρεοτήσαμεν
1358 3510 1410 3576 τὴν
1431 3511 1563 3580 μοιχείαν

343 3595 482 3662 ζητοῦμεν
512 3591 544 3648 ἐκ
568 3601 621 3650 τοῦ
648 3591 680 3662 ιῆ
702 3592 879 3663 πλεονέκτης,
906 3589 938 3660 δς
960 3589 1036 3650 ἐστιν
1057 3591 1275 3666 εἰδωλολάτρης«
1299 3593 1422 3666 πότερον
1445 3591 1561 3668 ἀνατρέ-

253 3695 336 3733 πεται
356 3675 448 3748 έκείνη
466 3677 483 3746 ἡ
502 3675 610 3748 έκδοχη,
628 3676 646 3747 ἢ
664 3673 704 3735 ἔτι
722 3677 837 3734 δύναται
853 3675 953 3752 χώραν
973 3673 1054 3749 ἔχειν.
1084 3671 1206 3750 εὕρομεν
1223 3679 1255 3745 δη
1267 3682 1413 3748 πολλαχοῦ
1423 3683 1482 3734 τῶν
1492 3696 1561 3750 προ-

254 3769 351 3832 φητῶν
372 3764 423 3830 την
446 3759 680 3835 εἰδωλολατρείαν
702 3764 840 3835 πορνείαν
858 3760 1074 3833 ὠνομασμένην.
1189 3759 1239 3817 ἐὰν
1256 3761 1287 3818 δὲ
1304 3760 1474 3831 πλεονέκτης
1491 3755 1520 3832 ᾖ,
1545 3759 1562 3816 δ

253 3841 323 3903 ὅθεν
342 3849 381 3917 μὴ
399 3850 445 3904 δεῖ
458 3855 616 3920 περιποιῶν
634 3844 724 3920 ἑαυτῷ
743 3844 892 3920 ἀργύριον,
911 3845 1112 3920 εἰδωλολατρία
1130 3845 1242 3917 λέγεται
1258 3846 1276 3916 ἡ
1293 3847 1443 3912 πλεονεξία
1462 3843 1562 3912 (οίονεί

252 3933 447 4005 λατρευδντων
473 3940 534 3997 τοῖς
556 3929 799 4006 ἐγγεγραμμένοις
820 3928 947 3998 εἰδώλοις
969 3929 1000 3987 έν
1022 3939 1082 3997 τοῖς
1104 3927 1258 4003 ἀργυρίοις)
1285 3933 1333 3986 καί
1354 3930 1389 3987 τὰ
1412 3929 1443 3986 ἐν
1465 3928 1563 3996 αὐτοῖς

253 4015 467 4087 ἐντετυπωμένα
490 4012 599 4073 εἴδωλα.
635 4011 716 4087 οἶμαι
734 4015 763 4071 δέ
780 4035 836 4072 που
854 4017 903 4071 καί
920 4018 971 4084 την
989 4018 1177 4088 φιλαργυρίαν
1194 4014 1428 4090 εἰδωλολατρείαν
1446 4012 1561 4084 ὠνομᾶ-

253 4107 322 4157 σθαι
343 4101 421 4174 παρὰ
440 4109 482 4175 τῷ
502 4097 669 4176 Ἄποπόλῳ.
692 4131 725 4141 -
749 4101 850 4171 8ng
868 4101 945 4155 Rom.
962 4105 989 4168 9,
1006 4101 1042 4157 5¹?
1060 4131 1092 4140 -
1112 4101 1176 4172 vgl.
1194 4099 1262 4171 Eplr
1279 4104 1305 4166 4,
1322 4103 1344 4156 6.
1375 4099 1439 4170 vgl.
1451 4100 1481 4154 in
1491 4100 1561 4170 Eph.

251 4189 305 4252 4,6
323 4185 710 4254 (euroram.vl‚170,4ffi):
737 4187 787 4255 τὴν
810 4185 864 4255 μέν
886 4181 1028 4259 ῦπεροχην
1051 4183 1175 4256 οἰόμεθα
1199 4189 1352 4255 δηλοῦσθαι
1374 4183 1418 4239 διὰ
1440 4182 1474 4241 τδ
1500 4182 1562 4239 »ruz

254 4269 396 4326 πάντωνι·
414 4269 447 4326 τδ
460 4270 489 4327 δὲ
501 4269 612 4342 διαρκὲς
624 4271 652 4340 [l.
664 4269 826 4344 διέρχεσθαι
837 4271 892 4340 vgl.
906 4270 978 4326 Hier.
992 4272 1093 4325 Gornm.
1107 4288 1141 4325 zu
1150 4271 1219 4341 Eph.
1229 4273 1254 4336 4,
1264 4275 1291 4326 6:
1304 4269 1475 4338 transcurrit]
1487 4267 1561 4340 πρὸς

253 4351 374 4411 ἕκαστον
387 4353 469 4430 ἐντῷ
483 4354 542 4412 »διὰ
555 4355 700 4412 πάντωνι·
713 4355 745 4412 τὸ
758 4355 848 4412 δὲκαὶ
861 4354 982 4426 φθάνειν
993 4352 1038 4412 »ἐν
1048 4361 1131 4412 πᾶσιι
1142 4365 1190 4423 τῆς
1199 4351 1345 4424 δυνάμεώς
1354 4349 1413 4409 ἐστι
1421 4360 1472 4408 τοῦ
1481 4357 1560 4409 θεοῦ.

337 4501 375 4556 Ῑθ
396 4497 531 4569 έτίγχανε
552 4501 602 4554 καί
620 4499 664 4554 Gh
687 4502 692 4566 1
716 4501 754 4555 21
774 4495 819 4554 δτι
835 4494 987 4569 ἄνθρωποι
1003 4497 1058 4568 vgl.
1076 4498 1102 4552 S.
1115 4499 1184 4564 34,2
1203 4491 1245 4552 δτι
1262 4497 1365 4565 θνητοί
1377 4495 1420 4550 Gh
1438 4490 1535 4552 δτιίἰιι
1555 4499 1558 4564 ἰ

254 4584 404 4655 πρότερον]
417 4591 449 4650 -ί-
459 4585 562 4652 θνητοί
573 4585 614 4640 Ru
630 4586 634 4652 Ι
650 4585 688 4640 22
707 4582 914 4654 γεγεννημένον
925 4583 964 4638 Lo
976 4581 1193 4654 γεγενημένονθ
1209 4585 1213 4639 Ι
1229 4581 1269 4636 24
1285 4581 1500 4654 μεταβεβηκδτα
1518 4583 1535 4638 S
1555 4585 1560 4652 Ι

255 4669 292 4722 27
312 4665 374 4738 μέν]
393 4667 508 4723 εἰτεὶοἰιί
525 4667 604 4723 Βίεεε
618 4670 624 4738 Ι
640 4665 668 4724 οί
686 4669 737 4724 Gh.

309 4751 426 4807 origenes
440 4751 484 4798 111.
1334 4753 1350 4806 3
