3694 5542
516 501 567 557 Die
584 501 748 573 Fragmenta
765 521 814 558 aun
832 503 881 558 der
898 503 1163 575 Prophebenkatene.
1432 508 1493 572 237

188 663 328 748 ποσάκις
359 661 510 755 ἠθέλησα
539 663 733 752 ἐπισυνάξαι
763 665 807 737 τὰ
826 669 837 756 ΙΙ
858 671 961 736 τέκνα
987 689 1061 750 σου,
1089 659 1131 736 όν
1154 661 1287 754 τρόπον
1310 657 1403 754 όρνις
1425 669 1493 738 ἐπι·
1513 687 1564 742 322

189 761 323 853 συνάγει
345 765 388 835 τὰ
410 771 527 836 νοσσία
549 767 670 856 ἑαυτῆς
691 761 758 837 όπὸ
781 764 843 848 τὰς
863 771 1040 854 πτέρυγας,
1062 773 1119 836 καί
1141 761 1202 836 οόκ
1224 761 1442 856 ἡθελήσατει.

516 968 573 1037 Nr.
595 969 649 1036 VI.
691 970 815 1054 Klagel.
830 969 975 1037 θειασταί
998 955 1164 1036 ίΙῦεεεεΙπ.

272 1121 313 1186 El
334 1124 452 1187 τοίνυν
477 1113 650 1206 »μακάριοι
672 1119 704 1187 σί
725 1122 913 1198 κλαίοντες,
937 1108 992 1186 ότι
1007 1112 1237 1203 γελόσονταιι,
1259 1115 1324 1185 ἔδει
1338 1109 1493 1204 Ἱερεμίαν·

154 1214 253 1288 στὸν
278 1214 440 1304 μυστικόν
466 1221 595 1287 τοῦτον
620 1220 788 1286 κλαῦσαι
809 1213 987 1304 κλαυθμόν
1015 1213 1179 1286 καὶκατὰ
1201 1214 1242 1285 τό
1268 1211 1441 1304 »μακάριοι
1462 1219 1493 1286 οἱ

188 1322 417 1399 πενθοῦντεςι
441 1321 610 1404 πενθῆσαι
632 1313 712 1396 τοῦς
733 1321 797 1386 τσῦ
818 1323 1019 1385 πενθεῖσθαι
1041 1311 1162 1400 ἀξίους.

581 1518 637 1584 Nr.
660 1517 728 1584 VII.
771 1517 893 1602 Klagel.
909 1518 1022 1585 Jerem.
1041 1527 1065 1596 1,
1082 1528 1108 1585 1.

266 1660 375 1738 Ἔοικε
397 1670 432 1736 δὲ
454 1663 495 1737 τό
517 1670 579 1752 μὲν
600 1669 758 1752 πλῆθος
780 1668 843 1734 τοῦ
863 1669 976 1748 λαοῦ,
1004 1657 1085 1735 ὅσον
1108 1667 1161 1734 ἐπί
1185 1671 1227 1752 τῇ
1250 1669 1344 1750 λέξει,
1368 1667 1494 1754 δηλοῦν

189 1765 269 1847 τοῦς
295 1769 513 1848 ἐνοικοῦντας
534 1758 750 1853 Ἰσραηλίτας,
774 1760 815 1834 τό
838 1767 873 1834 δὲ
894 1769 1054 1850 πλῆθος
1077 1770 1150 1835 τῶν
1171 1767 1317 1846 ἐθνῶν,
1341 1759 1389 1844 σός
1411 1792 1493 1852 προ·

138 1878 172 1934 10
188 1861 374 1954 ειρήκαμεν,
405 1863 486 1946 τοῦς
515 1859 759 1952 προσηλότους.
802 1866 848 1944 είς
878 1868 914 1934 δέ
944 1858 1125 1952 ἀναγωγὴν
1156 1867 1226 1934 ἐπεὶ
1254 1859 1493 1952 συγγενέστερᾶ

188 1967 259 2035 ἐστι
281 1971 324 2052 τῇ
346 1971 435 2052 ψυχῇ
461 1969 517 2034 καὶ
543 1957 752 2051 όπερίστατα
774 1961 817 2032 τὰ
838 1960 1035 2051 θεωρητικὰ
1057 1969 1188 2051 μᾶλλον
1210 1957 1231 2050 ἢ
1251 1960 1293 2032 τόι
1311 1959 1492 2051 πρακτικό,

189 2061 230 2133 τό
251 2069 313 2154 μὲν
334 2067 471 2152 πλῆθος
493 2067 556 2133 τοῦ
578 2067 663 2132 λαοῦ
684 2068 839 2151 σημαίνοι
861 2059 904 2132 όν
922 2066 984 2151 τῆς
1002 2068 1268 2151 μακαριζομένης
1282 2057 1492 2152 Ἰερουσαλὴμ

188 2161 252 2232 τὸν
277 2167 433 2234 πλοῦτον
459 2169 534 2234 τῶν
555 2157 806 2250 θεωρημάτων·
835 2158 877 2231 τὸ
899 2166 935 2232 δὲ
956 2168 1092 2251 πλῆθος
1114 2167 1188 2232 τῶν
1209 2166 1325 2232 ἐθνῶν
1348 2158 1410 2231 τόν
1432 2190 1493 2233 πο-

189 2263 251 2334 λῦν
273 2258 421 2351 ἀριθμόν
443 2269 517 2332 τῶν
537 2266 656 2332 καλῶν
677 2257 844 2350 πράξεων.

138 2377 170 2429 15
272 2369 337 2432 Καὶ
358 2357 430 2450 μετ’
453 2356 562 2450 όλίγα·

268 2457 309 2530 Ἡ
329 2467 648 2551 πεπληθυμμένη
675 2467 774 2533 λαοῦ
799 2457 901 2548 μόνη
928 2463 1156 2545 καθέζεται·
1183 2465 1234 2549 τῷ
1261 2456 1324 2530 τόν
1346 2466 1493 2547 νυμφίον

187 2557 292 2649 λόγον
321 2557 341 2650 ἦ
373 2558 488 2650 νύμφη
515 2557 780 2647 ἀποβεβληκέναι
818 2565 1010 2648 γινομένη
1043 2554 1094 2639 σός
1123 2555 1225 2650 χήρα
1256 2553 1276 2648 ἦ
1307 2587 1393 2630 ποτε
1420 2576 1492 2640 τοῖς

187 2665 439 2750 προειρημένοις
461 2660 575 2730 ἐθνεσι
596 2656 784 2748 πλήθουσα.

571 2861 626 2926 Nr.
650 2861 734 2928 VIII.
777 2861 900 2946 Klagel.
914 2860 1029 2926 Jerem.
1047 2867 1071 2938 1,
1089 2869 1114 2926 1.

136 3031 170 3085 20
262 3001 364 3078 Ὅσον
394 3011 450 3077 ἐπὶ
480 3013 524 3094 τῇ
554 3013 640 3092 λέξει
670 3003 805 3096 ἁρμόζει
832 3005 896 3095 τὴν
920 3001 1130 3096 Ἰερουσαλὴμ
1157 3019 1308 3079 νοεῖσθαι
1335 3013 1491 3096 λέγεσθαι

187 3105 271 3194 μετὰ
296 3111 496 3195 θαυμασμοῦ
522 3106 577 3178 διὰ
604 3106 669 3197 τὴν
697 3111 753 3178 ἐπὶ
780 3104 820 3178 τό
843 3102 1137 3194 σκυθρωπότερον
1157 3105 1349 3229 μεταβρλὴν
1374 3136 1490 3196 μεμο-

188 3212 345 3278 νιῦσθαι
370 3213 596 3277 καθίσασαν
622 3203 686 3295 τήν
707 3233 794 3277 ποτε
815 3201 1053 3327 πλήθρυσαν
1075 3213 1170 3296 λαῷ,
1194 3201 1279 3276 ίν’“
1260 3237 1279 3296 η
1300 3203 1448 3297 μόνωσις
1470 3204 1489 3296 ἦ

186 3299 343 3428 ἐρημίαῖ
324 3302 483 3424 ynafitqg,
506 3309 680 3426 ἐσχηκυίρις
701 3334 762 3395 μεν
784 3304 891 3394 ἄνδρα
913 3304 977 3377 τὸν
997 3303 1361 3396 προστάτηνέμψυχον
1377 3303 1490 3395 λόγον,

187 3397 245 3474 ότε
281 3401 381 3495 αότῷ
413 3409 525 3477 είπετο
555 3403 710 3528 παρόντι
742 3413 799 3476 καί
828 3409 1027 3495 βοηθοῦντι,
1061 3414 1343 3496 κεχηρευκυίας
1371 3412 1405 3478 δὲ
1435 3415 1491 3477 καὶ

132 3501 528 3594 25καταλελειμμένης’
506 3501 563 3576 υπ’
587 3501 692 3576 αότου
677 3505 769 3576 ’διὰ
791 3503 833 3576 τὰ
855 3501 1080 3595 ἡμαρτημένα.

266 3609 332 3675 Καὶ
352 3599 428 3693 μεθ’
445 3607 553 3692 ίτερα·

270 3708 379 3772 Ταῦτα
407 3709 469 3793 μὲν
502 3695 564 3775 σόν
589 3701 675 3793 πρὸς
707 3703 747 3776 τὸ
775 3700 894 3793 ρητόν·
920 3701 1007 3793 πρὸς
1034 3709 1069 3774 δὲ
1096 3670 1260 3787 διόνοιαν,
1282 3699 1489 3824 Ἰερουσαλὴμ

183 3797 371 3889 εῦθηνοῦσα
393 3808 449 3872 καὶ
477 3809 559 3893 λαῷ
587 3810 643 3873 καὶ
670 3807 807 3874 ἔθνεσι
832 3801 1047 3893 πληθουσα
1074 3811 1129 3874 καὶ
1148 3831 1293 3892 χωρων
1316 3802 1489 3892 ἄρχουσα

183 3895 203 3989 ἡ
226 3906 302 3970 θεία
323 3905 394 3972 ἐστί
417 3900 514 3992 ψυχή.
549 3909 604 3970 και
627 3898 668 3972 οῦ
690 3901 900 3990 θαυμαστόν,
925 3907 952 3973 εί
974 3900 1015 3974 οῦ
1032 3899 1140 3992 μόνον
1155 3909 1243 3975 οίκία
1258 3899 1336 3973 οὐδὲ
1351 3904 1489 3986 ἔπαυλις

266 4086 285 4140 4
306 4086 374 4140 Luk.
393 4089 417 4150 6,
435 4088 476 4142 21.
494 4117 527 4126 -
546 4088 564 4143 5
589 4087 686 4141 Matth.
705 4091 728 4154 5,
747 4091 771 4143 5.
790 4118 823 4128 -
842 4089 880 4143 18
904 4088 966 4158 vgl.
985 4107 1019 4143 zu
1036 4089 1061 4142 S.
1074 4089 1132 4152 235,
1146 4091 1185 4142 17.
1204 4119 1235 4128 -
1256 4089 1318 4144 ΙθΙ.
1338 4089 1405 4147 231.
1425 4089 1487 4160 Vgl.

181 4166 288 4240 OIymp.
307 4169 362 4238 (Gh
381 4171 427 4235 111,
447 4171 502 4240 11):
519 4178 572 4227 τοῦ
589 4173 711 4240 νυμφίου
730 4176 899 4244 στερηθεῖσα
917 4173 1013 4243 λόγου.
1031 4203 1064 4213 -
1083 4172 1124 4227 28
1147 4173 1211 4242 Vgl.
1230 4173 1283 4228 Ιεε.
1302 4177 1343 4240 54,
1364 4173 1398 4228 1?

266 4317 347 4388 4Εί]
370 4321 470 4376 vorher
491 4329 542 4377 τοῦ
565 4319 653 4377 αέτοῦ
674 4339 710 4376 co
730 4324 735 4389 1
755 4319 892 4392 γελάσατε
910 4339 925 4376 α
944 4322 985 4392 18
1006 4319 1111 4391 Ἕσικε]
1135 4322 1233 4378 vorher
1254 4331 1305 4378 τοῦ
1331 4321 1418 4380 αὐτοῦ
1444 4342 1459 4378 ο
1483 4334 1486 4391 ξ

181 4403 217 4459 11
236 4400 295 4472 τάί]
314 4405 456 4471 <0112
475 4413 527 4461 τοῦ
543 4407 624 4476 λαοῦ]
642 4413 700 4462 τῶν
717 4410 795 4461 λαῶν
814 4407 906 4474 οΙΙθ
923 4405 1149 4476 λαοῦ]<σ117
1174 4405 1313 4476 ὴνίμρη]
1334 4408 1349 4475 ἡ
1368 4407 1489 4478 νυμφίος

179 4486 275 4554 0118
297 4487 467 4556 πληθύσασα
496 4490 597 4557 0120
621 4485 716 4560 ‘'Ooov]
743 4491 842 4545 vorher
868 4497 920 4546 τοῦ
946 4488 1033 4546 αὐτοῦ
1060 4493 1124 4558 σοι
1149 4491 1187 4546 22
1211 4489 1410 4560 πληθόνουσαν
1441 4510 1458 4548 ο
1483 4539 1484 4553 ,

179 4571 219 4626 23
242 4561 260 4640 ᾖ
283 4570 361 4626 ΒΙεεε
383 4571 400 4641 ἢ
422 4572 544 4642 εο124
566 4569 672 4644 εἵπετο]
696 4569 792 4630 είτιετο
816 4591 832 4628 α
855 4567 916 4629 εἶπε
933 4572 967 4629 τὸ
986 4591 1002 4628 ο
1022 4575 1026 4642 Ι
1046 4575 1175 4646 παρόντα
1193 4577 1241 4630 καί
1258 4579 1423 4647 βοηθοῦντα
1441 4593 1457 4630 ο

180 4655 216 4710 25
234 4647 290 4724 ῦπἿ
310 4648 392 4710 ἀνέσ
416 4661 421 4724 1
439 4657 477 4712 28
495 4657 677 4726 πληθῦνουσα
695 4678 720 4715 ο.
