3768 5544
805 443 943 514 Origenee’
961 443 1218 500 Jeremiahomilion.

372 791 443 868 Εἰς
469 785 515 859 τὸ
540 784 674 874 »οἴμοι
702 779 782 881 ε’γα)
807 785 957 874 μῆτερι
986 778 1110 874 μέχρι
1137 785 1212 852 τοῦ
1237 779 1326 853 »διὰ
1355 787 1482 856 τοῦτο
1509 779 1612 858 τάδε

341 923 454 1024 λέγει
481 917 646 1014 κύριος·
681 916 755 992 ἐὰν
787 917 1067 1010 ἐπιστραφῇς,
1100 915 1168 987 καὶ
1195 913 1541 1010 ἀπσκαταστήσω
1569 946 1645 995 σει.

870 1115 1018 1212 Ὀμιλία
1040 1113 1105 1196 ιδ’.

425 1313 450 1370 1.
483 1301 522 1368 θλ
548 1289 659 1384 ἰατροὶ
686 1302 758 1365 τῶν
781 1291 950 1383 σωμάτων
970 1291 1060 1381 παρά
1083 1291 1162 1376 τοῦς
1184 1289 1375 1382 κάμνοντας
1396 1293 1568 1386 γινόμενοι
1589 1306 1644 1371 καί

305 1415 321 1468 5
341 1395 391 1470 ἀεὶ
413 1405 456 1486 τῇ
470 1403 635 1487 θεραπείᾳ
651 1402 724 1467 τῶν
738 1391 942 1480 καμνόντων
958 1393 1097 1476 ἑαυτούς
1111 1389 1320 1476 ἐπιδιδόντες
1334 1391 1420 1464 κατά
1436 1393 1477 1466 τό
1492 1397 1645 1489 βούλημα

340 1505 401 1588 τής
423 1504 541 1586 τέχνης
556 1501 617 1586 τῆς
631 1499 782 1584 ἰατρικῆς
798 1489 903 1582 όρῶσι
918 1491 1009 1564 δεινά
1024 1499 1079 1563 καὶ
1093 1489 1312 1581 θιγγάνουσιν
1334 1489 1464 1583 ἀηδῶν,
1486 1501 1573 1586 <καί>
1588 1495 1646 1570 ἐπ’

339 1594 534 1686 ἀλλοτρίαις
565 1613 749 1686 συμφοραῖς
778 1601 988 1683 καρποῦνται
1010 1598 1095 1676 ἰδίας
1121 1591 1242 1676 λύπας,
1269 1599 1323 1662 καί
1346 1597 1437 1664 ἔστιν
1458 1591 1507 1667 ἀεὶ
1534 1593 1646 1683 όβίος

339 1695 455 1768 αύτῶν
476 1701 513 1767 ἐν
540 1691 738 1784 περιστάσει.
772 1689 933 1764 ούδέποτε
955 1689 1026 1781 γάρ·
1039 1697 1099 1762 εἰσι
1120 1689 1203 1780 μετὰ
1224 1687 1465 1780 ὑγιαινόντων,
1493 1693 1571 1769 ἀλλ’
1595 1695 1644 1770 ἀεὶ

337 1795 421 1884 μετά
442 1803 516 1866 τῶν
532 1800 759 1884 τραυματιῶν,
780 1792 864 1882 μετά
881 1799 953 1863 τῶν
969 1789 1075 1880 νομὰς
1089 1786 1252 1880 ἐχόντων,
1273 1791 1358 1880 μετὰ
1375 1799 1448 1864 τῶν
1463 1806 1645 1885 πεπληρω·

287 1911 320 1966 10
336 1900 450 1984 μένων
471 1893 580 1980 πύων,
602 1899 771 1980 πυρετῶν,
793 1889 907 1964 νόσων
928 1899 1104 1963 ποικίλων.
1140 1897 1196 1960 καί
1218 1897 1247 1962 εἰ
1268 1891 1425 1975 βούλεταί
1448 1922 1500 1978 τις
1516 1905 1644 1968 στείλα-

338 2005 420 2066 σθαι
446 1994 510 2084 τήν
536 1992 703 2083 ἰατρικήν,
730 1990 792 2065 ουίι
819 1989 1040 2081 ἀγανακτήσει
1067 1986 1141 2062 οὔδ’
1168 1987 1323 2081 ἀμελήσει
1349 1998 1412 2064 τοῦ
1433 1993 1646 2086 βουλήματος

252 2096 318 2153 268”
338 2102 399 2184 τῆς
414 2100 533 2184 τέχνης
548 2085 586 2183 ής
601 2091 792 2182 ἀνείληφεν,
806 2091 893 2164 ἐπὰν
907 2084 927 2179 ᾖ
943 2090 1026 2179 μετὰ
1045 2100 1049 2175 Ι
1070 2098 1142 2162 τῶν
1152 2089 1324 2162 τοιούτων
1333 2089 1382 2174 τός
1390 2090 1644 2183 προειρήκαμεν.

424 2200 530 2266 Τοῦτο
558 2199 595 2265 δέ
618 2220 676 2281 μοι
702 2190 742 2262 τό
764 2199 945 2280 προοίμιον
968 2195 1123 2261 λέλεκται
1145 2188 1198 2260 διά
1221 2189 1263 2261 τό
1284 2201 1341 2261 καὶ
1363 2193 1443 2274 τοῦς
1463 2193 1646 2284 προφήτας

338 2291 413 2365 οἷον
445 2295 530 2364 εἰναι
554 2291 690 2380 ἰατρούς
716 2298 835 2379 φυγῶν
861 2297 916 2361 καὶ
942 2285 994 2360 ἀεὶ
1019 2296 1292 2377 προσδιατρίβειν
1319 2283 1408 2362 όπον
1434 2296 1467 2362 οἰ
1493 2290 1645 2383 δεόμενοι

287 2403 319 2456 15
338 2399 534 2481 θεραπείας·
564 2388 640 2462 ιούι
668 2390 731 2480 γάρ
760 2397 890 2479 »χρείαν
917 2391 1047 2477 ἔχουσιν
1073 2391 1104 2459 οἱ
1130 2386 1340 2478 ύγιαίνοντες
1365 2395 1485 2479 ἰατροῦ
1511 2388 1588 2465 ἀλλ’
1610 2401 1644 2464 οἰ

336 2500 450 2574 κακῶς
471 2494 635 2580 ἔχοντεςι.
672 2489 755 2580 ὅπερ
778 2497 813 2562 δὲ
834 2487 1019 2578 πάσχουσιν
1038 2484 1104 2560 ύπὸ
1130 2497 1203 2560 τῶν
1223 2486 1422 2562 ἀκολάστων
1440 2489 1645 2577 καμνόντων

336 2593 457 2681 ἰατροί,
481 2598 585 2663 τοῦτο
606 2589 770 2679 πάσχουσι
791 2596 846 2662 καὶ
869 2593 901 2661 οἱ
916 2595 1092 2678 προφῆται
1106 2596 1162 2659 καί
1175 2592 1208 2660 οἰ
1223 2586 1416 2660 διδάσκαλοι
1430 2585 1497 2662 ῦπό
1513 2598 1587 2662 τῶν
1602 2589 1645 2663 σύ

335 2697 554 2779 βουλομένων
575 2690 831 2782 θεραπεύεσθαι.
871 2691 1002 2760 ἐκεῖθεν
1023 2686 1085 2776 γὰρ
1106 2694 1293 2777 μισοῦνται,
1317 2685 1365 2772 ῶς
1388 2688 1644 2780 διατασσόμενοι

336 2789 428 2877 παρὰ
455 2790 519 2881 τήν
543 2797 738 2879 προαίρεσιν
761 2797 821 2880 τής
842 2793 1022 2878 ἐπιθυμίας
1044 2794 1117 2858 τῶν
1138 2783 1353 2877 καμνόντων,
1382 2786 1430 2873 ῶς
1451 2789 1645 2876 κωλύοντες

285 2897 318 2952 20
336 2897 470 2977 τρυφᾶν
490 2898 546 2962 καὶ
569 2887 710 2977 ἥδεσθαι
731 2889 811 2973 τοῦς
832 2895 887 2958 καί
909 2891 946 2959 ἐν
969 2884 1082 2970 νόσοις
1103 2894 1328 2977 βουλομένους
1350 2888 1394 2979 μή
1417 2889 1461 2960 τά
1477 2889 1553 2978 ἀξια
1568 2899 1642 2962 τῶν

336 2985 451 3060 νόσων
466 2987 653 3077 λαμβάνειν.
681 2987 860 3078 φεύγουσιν
876 2979 937 3059 σύν
953 2991 985 3058 οἱ
1001 2983 1183 3058 ἀκόλαστοι
1198 2985 1486 3075 τῶνκαμνόντων
1496 2990 1643 3079 ἰατρούς,

336 3087 500 3172 πολλάκις
535 3087 650 3171 αότσῑς
678 3095 734 3159 καὶ
765 3085 1019 3176 λοιδορούμενοι
1048 3094 1104 3158 καὶ
1134 3094 1403 3175 κακολογοῦντες
1433 3085 1557 3172 αύτούς
1587 3097 1642 3162 καὶ

336 3194 405 3260 πᾶν
431 3185 619 3261 ότιποτοῦν
644 3195 825 3271 ποιοῦντες
852 3181 870 3258 ῦ
892 3183 1062 3274 ποιήσειεν
1085 3183 1126 3257 ἀν
1148 3185 1270 3274 ἐχθρὸς
1292 3191 1414 3277 ἐχθρῷ.
1458 3187 1642 3261 ἐπιλανθά-

337 3317 457 3359 νονται
490 3289 553 3378 γὰρ
583 3280 681 3361 οὗτοι
711 3282 765 3360 ότι
797 3283 845 3370 ῶς
876 3293 970 3374 φίλοι
1000 3292 1257 3374 προσέρχονται,
1290 3283 1492 3375 ἀφορῶντες
1522 3294 1569 3371 είς
1599 3286 1640 3360 τό

420 3459 477 3516 411.
500 3461 564 3530 vgl.
582 3453 774 3530 Hippokrates’
790 3461 856 3530 περὶ
878 3465 975 3528 φυσῶν
996 3459 1016 3522 Ι,
1035 3459 1085 3514 569
1104 3459 1129 3512 Κ
1145 3485 1179 3502 ==
1197 3455 1213 3512 ό
1233 3500 1239 3512 .
1256 3499 1262 3511 .
1282 3456 1378 3530 ἰητρὸς
1401 3456 1475 3531 ὁρέει
1501 3457 1536 3515 τά
1563 3457 1641 3516 δεινά

335 3542 466 3614 θιγγάνει
487 3561 517 3599 τε
536 3541 644 3612 ἀηδέων
665 3547 714 3600 καὶ
731 3537 776 3602 ἐπ’
793 3541 971 3613 ἀλλοτρίησιν
990 3547 1166 3614 ξυμφορῇσιν
1185 3541 1256 3608 ἰδίας
1272 3551 1432 3614 καρποῦται
1449 3543 1555 3610 λε’·παςς
1574 3563 1600 3598 u.
1619 3561 1641 3598 ο.
1722 3569 1726 3578 ·

336 3629 448 3694 (λαλιά,
467 3631 498 3682 15
525 3628 609 3698 (Orig.
627 3631 647 3692 Ι,
666 3629 724 3692 285,
742 3630 815 3697 8ff.):
837 3627 887 3684 τὸν
908 3625 1007 3700 ἰατρὸν
1029 3623 1141 3699 δρῶντα
1163 3626 1240 3684 δεινά
1269 3629 1318 3682 καί
1340 3627 1515 3699 θιγγάνοντα
1539 3625 1642 3698 ἀηδῶν.

333 3708 382 3767 λ’να
410 3710 476 3776 τοῦς
502 3709 665 3780 κάμνοντας
694 3710 806 3784 ἰάσηται
833 3751 936 3768 .....
971 3713 1063 3768 καίτοι
1096 3731 1128 3783 γε
1151 3708 1168 3767 δ
1190 3710 1287 3782 ἰατρὸς
1317 3709 1393 3783 δρῶν
1423 3710 1458 3768 τά
1487 3711 1564 3768 δεινὰ
1594 3714 1644 3768 καί

335 3795 482 3868 θιγγάνων
503 3801 560 3851 τῶν
578 3794 671 3866 ἀηδῶν
689 3795 724 3853 οὐ
741 3797 854 3863 πάντας
871 3793 1001 3867 ἐκφείγει
1018 3795 1051 3852 τὸ
1069 3804 1130 3862 τοῖς
1147 3794 1243 3862 αὐτοῖς
1260 3795 1399 3852 δύνασθαι
1416 3805 1588 3867 περιπεσεῖν.
1608 3827 1641 3836 -

338 3883 372 3938 15
390 3881 458 3935 Luk.
471 3883 494 3948 5,
507 3885 548 3938 31.

421 4033 467 4099 112
486 4029 678 4103 διά-κύριος]
697 4043 730 4092 <
742 4033 768 4086 H
787 4035 791 4100 Ι
810 4033 908 4104 μῆτερ]
931 4034 1023 4104 μήτηρ
1046 4032 1071 4100 S,
1095 4049 1124 4086 ευ
1146 4032 1227 4087 meist
1248 4032 1278 4086 in
1294 4033 1374 4088 Hom.
1393 4035 1426 4086 14
1446 4034 1450 4100 Ι
1473 4031 1492 4087 θ
1517 4031 1641 4084 Romilia

336 4116 383 4170 XI
395 4115 421 4168 H
435 4118 439 4184 Ι
455 4116 535 4172 4-8.
549 4118 606 4184 109,
620 4121 651 4172 15
669 4117 768 4172 Hierzu
780 4117 886 4186 Fragm.
899 4119 933 4172 50
948 4117 978 4170 in
990 4117 1022 4171 C:
1039 4112 1298 4192 Ἔοίκασιν-τόκῳ
1314 4121 1318 4185 Ι
1332 4119 1350 4173 δ
1367 4115 1443 4174 δεινὰ
1460 4115 1480 4170 C
1499 4115 1641 4186 Hippokr„

336 4217 358 4254 c.
369 4200 438 4254 Cels.
457 4201 589 4254 ίττείναΗ
606 4199 669 4257 τινά
684 4202 701 4255 S
717 4203 720 4269 Ι
736 4203 784 4257 καί
801 4201 879 4256 ΒΙαεε
897 4202 1053 4256 Κοελεαλιαο
1071 4202 1142 4256 nach
1160 4201 1293 4272 Hippokr.
1305 4221 1331 4257 u.
1344 4203 1381 4257 H:
1399 4207 1423 4256 τί
1438 4203 1443 4268 Ι
1461 4203 1475 4256 ἰ
1495 4203 1545 4256 καὶ
1567 4193 1641 4254 ἔστιν

336 4283 390 4355 ἀεὶ]
407 4302 513 4353 semper
529 4285 604 4338 enim
685 4291 723 4340 εει
735 4287 761 4340 Η
785 4288 788 4354 Ι
813 4287 831 4344 8
848 4285 1021 4357 περιστάσει]
1040 4293 1072 4350 -Ι-
1091 4304 1196 4355 semper
1217 4287 1250 4340 ιἰι
1268 4287 1345 4341 euris
1364 4286 1388 4340 H
1404 4289 1408 4355 Ι
1423 4287 1443 4341 θ
1459 4290 1641 4356 τραυματιῶν

335 4369 378 4424 Ru
394 4370 468 4424 nach
484 4369 522 4423 H:
540 4371 690 4424 mdneratis
705 4371 876 4442 τραυμάτων
893 4371 910 4425 S
925 4373 929 4438 Ι
946 4373 983 4427 12
1001 4365 1050 4442 ὡς]
1069 4388 1135 4440 quos
1153 4372 1195 4440 (=
1214 4362 1264 4438 ὧν)
1282 4371 1308 4425 H
1325 4371 1399 4426 wohl
1416 4371 1508 4426 besser
1523 4371 1526 4438 Ι
1543 4369 1579 4426 14
1596 4366 1641 4424 ἀεὶ

336 4455 570 4526 προσδιατρίβειν]
588 4455 657 4509 illue
673 4472 778 4524 semper
795 4457 837 4508 τ’τε
848 4455 980 4523 jubemur
992 4455 1018 4509 Η
1032 4457 1037 4523 Ι
1054 4457 1092 4511 Ῑθ
1111 4451 1165 4530 ἀπὸ
1178 4456 1256 4510 Βίεεε
1268 4474 1286 4509 α
1297 4457 1324 4512 Η
1340 4451 1410 4525 ὑπὲρ
1423 4456 1440 4510 S
1455 4457 1459 4523 Ι
1475 4451 1641 4510 ἀκολάστων

335 4541 407 4594 nach
419 4538 456 4593 H:
476 4539 683 4608 ἰααατάσείε,
701 4539 727 4594 Ζ.
740 4542 773 4595 21
790 4541 848 4594 und
860 4541 885 4594 S.
898 4543 984 4608 108,2
1001 4535 1167 4606 ἀκολάστως
1189 4541 1206 4594 S
1229 4543 1234 4607 Ι
1259 4541 1297 4596 λθ
1324 4541 1374 4608 τὴν
1401 4540 1567 4610 προαίρεσιν
1592 4542 1642 4606 τῆς

336 4621 496 4693 ἐπιθυμίας]
523 4625 659 4678 desideria
679 4625 704 4678 H
728 4627 732 4693 Ι
756 4625 796 4680 28
814 4625 958 4692 ποιήσειεν
971 4623 1014 4678 Ηυ
1031 4625 1208 4694 ποιησαιενθ
1224 4625 1228 4694 Ι
1245 4626 1283 4680 24
1303 4624 1388 4696 φίλοι]
1407 4623 1520 4678 inimici
1531 4621 1556 4676 Η
1574 4622 1640 4692 [εἰοΙ.
