3768 5544
297 441 488 498 HomiliollV.
513 443 611 498 serens
624 444 664 510 15,
678 444 710 498 10
726 461 753 497 u„
773 445 812 508 17,
825 443 849 498 5.
866 472 900 482 -
917 442 1037 498 Humilis
1048 443 1121 498 XVI.
1149 445 1245 500 Jerem.
1259 445 1300 512 16,
1313 444 1421 510 16-17,
1432 448 1455 498 1.
1509 453 1566 514 131

265 635 324 688 νος
350 602 485 677 αότοῦι.
535 602 801 693 ιέπικατάρατος
835 599 873 688 ὃς
903 604 967 695 τὴν
1004 611 1123 677 ίλπίδα
1158 608 1223 695 ἔχει
1258 603 1309 678 ἐπ’
1346 605 1567 697 ἀνθρωπονι.

177 719 245 775 285r
263 698 331 793 ἅμα
357 710 393 775 δὲ
419 703 506 791 πρὸς
533 704 613 788 τοὺς
641 710 842 792 ἐλπίζοντας
872 710 927 776 ἐπὶ
955 699 1148 794 ἀξιώμασιν.
1191 702 1211 777 ό
1243 704 1343 794 δείνά
1372 736 1437 796 μου
1467 716 1568 794 φίλος

263 809 355 876 ἐστίν
377 802 633 893 ἑκατόνταρχος,
658 800 843 893 ἐπίτροπός
867 808 972 876 ἐστιν·
996 801 1122 877 δδεῑνά
1142 835 1209 896 μου
1223 815 1322 892 φίλος
1336 813 1391 876 καὶ
1406 804 1568 891 πλούσιός

263 909 334 976 ἐστι
354 910 410 974 καὶ
425 910 605 993 παρέχεταί
618 933 684 994 μοι.
726 907 843 976 ἔπειτα
865 913 922 1004 καί
947 902 1033 991 πρὸς
1048 905 1112 976 τὸν
1126 911 1288 976 τοιοῦτον
1303 911 1436 994 λέγεται
1450 913 1568 978 τοῦτο·

229 1000 531 1092 ὂεέπικατόρατος
557 1003 745 1092 ἄνθρωπος
776 998 814 1087 ὃς
841 1003 906 1094 τὴν
937 1007 1057 1076 ἐλπίδα
1088 1006 1153 1093 ἔχει
1179 1000 1230 1074 ἐπ’
1254 1003 1473 1093 ἄνδραπονι.
1517 1001 1568 1076 ἐπ’

243 1100 385 1175 οὐδένα
407 1103 599 1192 ἄνθρωπον
620 1109 809 1194 ἐλπίζομεν,
834 1101 899 1174 κάν
921 1108 1067 1175 δοκῶσιν
1089 1099 1187 1192 ἡμῶν
1208 1105 1292 1174 είναι
1315 1112 1420 1192 φίλοι·
1443 1103 1484 1176 ου’
1507 1105 1569 1194 γὰρ

263 1199 314 1276 ἐπ’
328 1200 453 1286 αὐτοὺς
477 1199 551 1275 ἀλλ’
567 1208 622 1275 ἐπὶ
636 1203 755 1291 κύριον
769 1199 866 1293 ἡμῶν
880 1208 1068 1292 ἐλπίζομεν,
1085 1199 1122 1285 ός
1137 1208 1207 1275 ἐστι
1224 1203 1370 1292 Χριστὸς
1383 1199 1515 1293 Ἰησοῦς,
1539 1197 1567 1294 ᾧ

263 1307 355 1374 ἐστιν
378 1298 399 1392 ἦ
422 1301 504 1388 δόξα
524 1309 581 1373 καί
603 1301 644 1374 τό
665 1301 792 1392 κρότος
813 1309 860 1386 είς
881 1303 963 1385 τοὺς
984 1307 1111 1384 αἰῶνας
1137 1310 1211 1374 τῶν
1233 1303 1377 1375 αίάνων.
1420 1300 1528 1395 Ἀμήν.

811 1577 1015 1585 ——---.-..-—

261 1798 350 1884 <sle
373 1792 421 1868 τὸ
452 1789 568 1866 »ίδοδ
594 1791 677 1894 ἐγώ
704 1791 949 1866 ἀποστέλλω
970 1788 1072 1875 τοὺς
1094 1790 1226 1874 ἁλιεῖς
1246 1791 1348 1875 τοὺς
1369 1791 1566 1881 πολλούς,
1589 1824 1639 1878 227

211 1941 244 1996 10
260 1927 371 2029 λέγει
401 1925 569 2024 κε’ριοςι
597 1927 722 2026 μέχρι
748 1933 826 2001 τοῦ
855 1924 1067 2022 »ἁμαρτία
1090 1923 1227 2002 Ἰούδα
1255 1925 1495 2028 γέγραπται
1524 1931 1567 2002 ἐν

235 2061 455 2164 ,γραφείῳ
481 2063 661 2163 σιδηρῷ,
688 2065 733 2136 ἐν
761 2062 885 2157 ὄνυχι
908 2060 1195 2162 ἀδαμαντίνῳ
1216 2064 1569 2164 ἐγκεκολαμμὲνη

452 2199 518 2273 ἐπὶ
541 2207 620 2274 τοῦ
646 2194 839 2292 στήθους
864 2203 939 2291 τῆς
964 2195 1149 2294 καρδίας
1175 2199 1375 2290 αὐταῖσι.)

800 2396 947 2495 Ὁμιλία
974 2395 1030 2486 ις’.

341 2555 603 2650 Ἀναγίγραπται
624 2563 662 2631 έν
683 2569 735 2652 τῷ
757 2560 845 2633 κατὰ
868 2564 1052 2633 Ματδαίσν
1074 2559 1256 2652 εὐαγγελίῳ
1280 2557 1299 2633 ό
1326 2559 1442 2650 σωτὴρ
1470 2555 1566 2649 ἡμῶν

210 2676 242 2730 15
260 2663 459 2748 ἐληλυθέναι
480 2659 572 2748 παρὰ
587 2658 652 2749 τὴν
667 2657 841 2732 θάλασσαν
857 2666 918 2750 τῆς
933 2669 1113 2744 Γαλιλαίας
1126 2668 1183 2732 καὶ
1197 2661 1381 2748 ἑωρακέναι
1406 2666 1567 2748 »Σίμωνα

259 2765 313 2829 καὶ
327 2753 484 2848 Ἀνδρέαν
501 2757 565 2830 τὸν
581 2755 730 2847 ἀδελφόν
750 2757 863 2845 αὐτοῦ,
880 2757 1071 2844 βάλλοντας
1086 2757 1343 2852 ἀμφίβληστρον
1359 2764 1404 2842 είς
1426 2757 1491 2848 τὴν
1506 2755 1567 2829 θά-

260 2869 400 2930 λασσαν·
414 2852 501 2947 ἦσαν
512 2857 577 2948 γὰρ
593 2854 725 2942 ἀλιείςι.
751 2857 823 2932 είτά
839 2883 942 2949 φησιν
957 2854 976 2931 ό
992 2857 1093 2949 λόγος
1109 2853 1197 2932 ότιό
1214 2858 1328 2950 σωτὴρ
1344 2860 1429 2930 ίδάν
1444 2853 1567 2938 αὐτοὺς

259 2959 344 3029 εἰπε·
378 2962 491 3030 »δεῦτε
518 2952 628 3029 όπίσω
654 2986 731 3047 μου,
756 2966 811 3030 καὶ
837 2956 970 3049 ποιήσω
992 2955 1077 3049 όμᾶς
1099 2954 1204 3043 ἀλιείς
1225 2956 1435 3047 ἀνθρώπων.
1481 2961 1513 3028 σί
1532 2961 1567 3028 δὲ

259 3053 402 3145 ἀφέντες
431 3057 475 3128 τὰ
505 3064 623 3129 δίκτυα
653 3054 896 3148 ἠκολούθησαν
927 3055 1051 3148 αάτῲι.
1091 3065 1148 3131 καί
1177 3066 1365 3148 πεποίηκεν
1396 3053 1415 3128 ὁ
1444 3053 1567 3145 Ἰησοῦς

195 3260 198 3266 .
345 3213 422 3270 1411.
440 3213 510 3282 Vgl..
522 3213 551 3266 in
564 3213 624 3268 Joh.
638 3213 745 3282 Fmgm.
759 3213 792 3268 23
805 3213 852 3280 (Br
863 3213 896 3278 Il,
909 3215 967 3276 240.
981 3214 1068 3281 12ff.):
1087 3211 1336 3286 μεταλαμβάνεται
1349 3212 1379 3268 δὲ
1390 3211 1407 3281 Ι
1419 3209 1566 3282 Βηθσαϊδὰ

252 3291 362 3352 Ἑλλάδι
387 3303 467 3367 φωνῇ
489 3295 529 3364 είς
550 3294 582 3352 τὸ
604 3291 688 3362 Θίκος
708 3301 868 3370 βηρενιῶυ,
892 3291 934 3365 οίς
957 3295 972 3352 ὁ
988 3295 1094 3367 Ἰησοῦς
1111 3291 1187 3354 εἶπε·
1214 3299 1300 3354 Δεῦτε
1319 3295 1410 3353 ὀπίσω
1427 3315 1483 3366 μου

258 3382 323 3454 περί
344 3387 402 3437 τῶν
419 3379 556 3437 τοιούτων
573 3385 721 3453 βηρεντῶν
803 3379 834 3438 ἐν
851 3389 891 3456 τῷ
907 3379 1025 3458 ’ίερεμίςι
1044 3383 1203 3456 προφητεία
1222 3380 1338 3454 φέρεται
1359 3377 1391 3437 ἐκ
1411 3378 1567 3454 προσώπου

257 3473 308 3520 τοῦ
330 3469 402 3522 θεοῦ
420 3460 524 3537 ἔχουσα
543 3460 644 3532 οὕτως·
679 3468 738 3522 Καί
755 3465 815 3523 ίδοὺ
832 3463 891 3538 ἐγὼ
909 3463 1073 3524 ἀποστέλλω
1090 3469 1149 3522 κτλ.
1172 3496 1207 3506 -
1232 3466 1292 3536 Vgl.
1312 3467 1449 3535 Chrysoso
1468 3465 1522 3534 (oh
1534 3465 1568 3528 Il,

258 3549 331 3618 430):
349 3549 422 3616 τινὲς
439 3552 489 3605 καί
505 3549 546 3616 είς
562 3549 628 3616 τοὺς
642 3545 825 3617 Ἀποστόλους
841 3550 926 3607 τοῦτό
945 3567 1040 3622 φασιν,
1058 3552 1107 3606 καί
1125 3547 1159 3607 οὐ
1174 3551 1282 3606 κωλίω.
1312 3548 1383 3616 τέως
1395 3548 1424 3606 δὲ
1432 3555 1481 3618 τῆς
1494 3545 1566 3604 ίστο-

259 3634 321 3704 ρίας
343 3631 481 3706 ἐχόμεθα.
522 3635 630 3705 olymp.
656 3637 756 3703 (GhlL
772 3637 845 3704 4303:
872 3634 939 3702 τοὺς
961 3629 1145 3700 Ἀποστδλοτς
1162 3634 1246 3706 λέγει.
1285 3635 1358 3690 Hier.
1380 3634 1483 3690 Comm.
1504 3635 1566 3690 954:

259 3717 332 3786 quod
358 3719 476 3789 primum
503 3719 598 3774 missas
622 3721 777 3790 Apostolos,
804 3720 902 3790 quibus
924 3719 1052 3775 Salvator
1079 3718 1160 3774 dixis:
1189 3720 1288 3775 Vsnils
1313 3720 1377 3790 poso
1393 3735 1437 3772 mo
1455 3758 1460 3771 .
1475 3759 1481 3772 .
1494 3757 1520 3771 ..
1540 3721 1568 3772 sl

257 3806 354 3872 posteo
375 3806 532 3866 venatores,
557 3821 625 3873 quos
646 3803 690 3858 vol
713 3804 910 3860 ecclesiasticos
928 3805 1001 3860 viros
1018 3803 1064 3858 vol
1081 3804 1203 3874 Angelos
1220 3821 1362 3874 possumus
1380 3803 1502 3872 aooipsre
1515 3805 1566 3858 ebo.

257 3887 344 3944 -15
361 3887 460 3944 Matth.
473 3892 497 3957 4,
511 3891 551 3946 18.
565 3920 599 3928 -
612 3889 651 3945 18
663 3889 798 3957 Motho,
811 3891 851 3945 19.
864 3891 904 3946 20.
918 3919 951 3928 -
965 3889 1004 3945 19
1023 3887 1087 3960 vgl.
1104 3887 1363 3957 Matth.4,19(vg1.
1377 3875 1566 3954 Hisnllbers.)

258 3970 301 4025 od.
319 3971 387 4026 Luls.
399 3975 424 4037 5,
436 3976 461 4027 4.
479 3975 496 4028 5
514 3973 575 4029 Joh.
588 3977 628 4036 21.
642 3975 678 4030 6‘?

340 4108 358 4162 5
376 4100 420 4162 ἐπ’
437 4107 516 4162 Blass
533 4107 635 4180 πρδςθ
650 4110 655 4176 Ι
669 4109 686 4163 8
703 4102 795 4179 Ἄμὴυ]
810 4115 842 4172 -Ι-
855 4105 952 4177 δμιλία
970 4103 1034 4162 ιε’8
1050 4109 1053 4174 Ι
1069 4106 1162 4162 9-12
1182 4104 1369 4172 Είς-αίπῶν
1386 4106 1459 4160 noch
1470 4106 1508 4160 H:
1528 4105 1568 4158 Do

257 4207 286 4244 αο
304 4190 376 4259 quod
392 4193 529 4260 εαδμίααι
546 4198 600 4247 est:
618 4193 687 4247 Eoos
704 4209 750 4257 αοο
767 4193 847 4246 millo
861 4194 1014 4260 piscatores
1029 4193 1137 4255 ιηυίίοε,
1155 4191 1223 4244 dieo
1240 4190 1385 4250 Domo'mcs,
1407 4207 1509 4259 αεηυι
1526 4191 1569 4243 ad

257 4291 327 4329 eum
353 4277 460 4330 ίοιαπι
482 4277 519 4330 io
541 4293 603 4345 quo
629 4279 695 4331 ait:
722 4277 901 4350 Ριιααίυπι
917 4277 1004 4332 ,Ιαδα
1029 4277 1196 4345 seriptum
1221 4279 1269 4328 est
1290 4275 1328 4327 ιἰι
1345 4276 1428 4328 stilo
1444 4276 1565 4342 ferreo,

258 4361 295 4412 ιἰι
311 4377 419 4428 unque
436 4362 657 4416 adamantino
674 4362 842 4429 sculptum
859 4379 959 4430 ευμεν
973 4368 1090 4430 postus
1109 4359 1220 4415 oords's
1238 4376 1357 4424 eorum,
1371 4359 1570 4429 vgl.141,19ff.

256 4445 322 4499 2111.
331 4444 389 4498 u.d.
401 4444 537 4516 Hexopls;
555 4446 612 4501 ins
625 4446 661 4501 ist
673 4446 718 4501 sin
727 4444 904 4500 froisrllsum
914 4444 1040 4516 gelassen
1052 4450 1054 4467 ⁴
1068 4446 1104 4501 11
1125 4444 1253 4517 γραφείῳ
1270 4443 1349 4498 Blass
1367 4444 1480 4515 γραφίω
1493 4445 1518 4507 S,
1536 4463 1566 4499 so

257 4531 325 4583 stols
341 4528 371 4582 in
389 4528 469 4586 Hom.
488 4532 540 4600 161
557 4531 596 4587 13
611 4529 805 4585 HomilioXII
811 4529 837 4583 H
853 4531 856 4598 Ι
873 4531 971 4585 14-8,
983 4533 1040 4594 133,
1050 4531 1084 4584 30
1100 4529 1201 4584 Ηίεττα
1216 4528 1325 4597 Frogm.
1342 4529 1376 4583 62
1393 4528 1423 4581 in
1441 4529 1471 4583 C:
1490 4527 1566 4598 Πέμ-

257 4607 491 4686 πει-ἑώρακεν
505 4615 510 4681 Ι
527 4615 562 4671 15
579 4616 637 4685 καί]
654 4620 679 4669 τί
696 4615 738 4668 ibi
747 4614 773 4668 H
788 4617 792 4684 Ι
809 4615 845 4671 11
866 4611 883 4668 δ
902 4615 1003 4686 σωτὴρ]
1022 4613 1102 4668 ίαειιε
1118 4613 1144 4668 Η
1159 4616 1163 4682 Ι
1180 4614 1215 4668 lo
1232 4607 1343 4681 Ἰησοῦς]
1363 4612 1488 4667 Salvator
1499 4615 1533 4669 H.

1028 4719 1031 4727 .
1329 4698 1366 4753 9*
