3694 5542
328 466 389 527 218
772 461 912 532 Origenes·
930 457 1190 516 Ieremiahomilien.

327 629 383 694 καὶ
415 619 495 694 τότε
526 619 546 694 δ
576 624 658 708 θεὸς
688 628 847 714 ἐκφέρει
877 622 922 695 τὸ
951 631 1070 712 κρίμα
1101 621 1227 695 αὐτοῦ
1257 625 1302 704 είς
1333 631 1542 695 ταπείνωσιν
1572 631 1634 697 τοῦ

328 718 533 808 ύηωδέντος
554 731 716 812 κρίματος
736 721 805 797 ἇπό
828 729 889 814 τῆς
910 719 1087 813 ἆμαρτίας,
1110 727 1283 794 ταπεινῶν
1305 722 1370 812 τὴν
1392 718 1557 812 ἁμαρτίαν
1578 732 1634 797 καί

328 821 371 891 τὰ
392 821 478 910 πρὸς
500 819 596 910 ἇξίαν
618 820 807 908 ἀποδιδούς.

686 1045 741 1110 Nr.
764 1045 938 1113 XXXVIII.
979 1046 1158 1118 ίστεισ.28,
1176 1053 1221 1112 11.
1240 1051 1285 1112 12.

291 1228 308 1280 5
411 1211 495 1295 (115)
527 1213 591 1277 Καὶ
611 1203 743 1290 Ἠσαίας
769 1212 958 1280 ἐθέσπισεν·
983 1204 1053 1281 »ἐπ’
1076 1201 1175 1298 ὄρους
1200 1211 1340 1278 πεδινοῦ
1361 1205 1465 1296 ἄρατε
1487 1223 1630 1296 σημεῖον,

325 1303 488 1392 ύφώσατε
523 1305 587 1396 τὴν
623 1307 746 1397 φωνὴν
782 1303 913 1390 αύτοίς·
956 1320 1181 1398 παρακαλεῖτε
1216 1313 1259 1396 τῇ
1295 1317 1409 1396 χειρίι.
1452 1313 1561 1380 ταῦτα
1596 1313 1631 1377 δὲ

326 1411 467 1496 Πέρσαις
487 1411 543 1478 καί
558 1403 688 1496 Μήδοις
709 1411 742 1480 οί
763 1413 941 1497 προφῆται
961 1405 1239 1496 παρεκελεύοντο,
1262 1402 1311 1491 ῶς
1329 1404 1556 1496 κρατήσουσιν
1570 1403 1633 1496 ἤδη

328 1512 546 1590 Βαβυλῶνος,
568 1510 632 1578 ἐπί
654 1514 736 1578 τῶν
756 1503 860 1596 αύτῆς
881 1513 1029 1596 τειχῶν
1052 1503 1099 1588 ῶς
1121 1502 1339 1596 ἁλωσομένης
1359 1503 1548 1578 ἀνατείνων
1570 1512 1633 1579 τοῦ

326 1610 477 1695 πολέμου
503 1603 544 1676 τὸ
571 1602 741 1696 σύνθημα,
767 1603 810 1678 δι’
833 1596 873 1679 ού
901 1613 1040 1696 δηλοῦσι
1066 1623 1138 1690 τοις
1160 1605 1387 1694 στρατιώταις
1411 1605 1477 1696 τὴν
1499 1611 1631 1694 ἔφοδον.

275 1721 309 1776 10
325 1711 381 1773 καὶ
402 1703 451 1776 τὰ
473 1697 578 1776 ὅπλα
600 1709 704 1794 ἔχειν
726 1713 768 1778 ἐν
790 1707 937 1796 ἐτσίμζῳ
959 1703 1240 1794 παρακελεύεται·
1266 1703 1314 1776 τὰ
1336 1703 1433 1793 τόξα
1455 1725 1529 1789 τοῖς
1550 1703 1630 1796 Μή-

326 1807 410 1885 δοις
429 1814 539 1894 φησίν.
1492 1805 1495 1814 ’

684 1926 740 1993 Nr.
762 1927 904 1995 XXXIX
946 1927 1061 1993 Jerem.
1076 1930 1125 2006 28,
1143 1931 1270 1994 17-20.

410 2093 495 2176 (116)
527 2089 734 2179 Συμφώνως
768 2096 803 2162 δέ
839 2097 891 2182 τῷ
932 2086 1145 2180 ἐμωρανθη
1181 2093 1255 2172 πᾶς
1296 2088 1514 2176 ἄνθρωπος
1554 2087 1629 2162 α’πὸ

325 2187 513 2273 γνώσεως
538 2183 557 2260 ὁ
578 2187 712 2275 Παῦλός
734 2213 849 2279 φησιν·
882 2185 972 2279 »ούχί
993 2181 1205 2278 ἐμώρανεν
1187 2215 1206 2258 ο
1228 2185 1310 2271 θεὸς
1336 2189 1400 2278 τὴν
1422 2197 1547 2276 σοφίαν
1568 2195 1634 2261 τού

276 2311 308 2364 15
326 2284 455 2375 κόσμου
481 2285 643 2374 τούτσυ;ι
675 2287 814 2381 καιρὸς
844 2295 880 2362 δὲ
910 2293 1159 2375 έπισκεψεως
1189 2283 1381 2376 μάλιστα“
1361 2317 1381 2378 η
1404 2295 1465 2381 τῆς
1491 2293 1629 2361 είδωλσ-

327 2384 530 2476 λατρείας’
510 2385 578 2460 απὸ
599 2395 661 2478 τῆς
684 2395 835 2479 Χριστοῦ
861 2396 1046 2477 παρουσίας
1066 2393 1269 2474 καθαίρεσις.
1311 2385 1429 2477 σκεύη
1455 2394 1492 2460 δὲ
1512 2393 1629 2460 πολέ-

325 2514 413 2573 μου,
437 2477 522 2576 ὅπερ
549 2481 812 2573 δΒαβυλώνισς
837 2485 1135 2577 διεσκόρπισεν,
1163 2488 1197 2557 οί
1219 2492 1282 2558 τοῦ
1302 2480 1429 2578 Ἰσρσῆλ
1450 2493 1507 2558 καὶ
1528 2483 1631 2559 ’ίσύδα

325 2590 489 2673 πολέμων
509 2587 660 2676 ἔμπειροι
682 2587 811 2678 ἄνδρες,
834 2583 914 2660 ἄνθ’
933 2579 985 2659 ών
1006 2583 1137 2659 ἇπειλεῑ
1156 2583 1299 2674 μηδενὸς
1320 2594 1492 2658 ποιεῖσθαι
1514 2586 1629 2672 φειδώ

728 2808 785 2876 Nr.
807 2809 868 2874 XL.
910 2809 1024 2874 Ierem.
1041 2813 1088 2886 28,
1103 2813 1234 2874 21-21,

275 3000 309 3056 20
408 2975 493 3058 (117)
522 2965 731 3056 Ἀναβύται
757 2975 894 3044 ἳππων
921 3000 953 3043 οι
944 2973 1130 3059 “δαίμονες
1152 2971 1183 3043 σί
1206 2988 1279 3050 ταις
1301 2985 1472 3057 σαρκικαίς
1494 2961 1631 3056 ἡδοναῖς

325 3065 582 3158 ἐπικαθήμενον
610 3078 666 3142 καί
695 3067 801 3144 πύλαι
817 3070 895 3194 γὰρ
925 3075 988 3161 τῆς
1009 3067 1187 3158 Αἰγύπτου
1221 3071 1347 3141 »ἵππον
1376 3074 1431 3138 καί
1460 3062 1631 3156 αναβύτην

326 3167 462 3256 ἔρριψεν
489 3172 534 3250 είς
556 3166 762 3255 θώλασσανι,
791 3161 888 3242 οὗτοι
915 3175 951 3240 δὲ
977 3165 1173 3259 ζευγνύντες
1195 3173 1233 3240 ἐν
1253 3165 1332 3258 ἡμῖν
1354 3164 1501 3257 διάφορα
1522 3163 1628 3255 πύθη,

326 3285 399 3348 ταῖς
430 3273 587 3357 τέτρασιν
617 3266 751 3360 αρεταίς
782 3263 1003 3358 ἇντικείμενα,
1032 3265 1343 3390 κατασκευάζουσιν
1368 3295 1532 3357 αρματσ.
1574 3272 1629 3336 καὶ

325 3359 426 3454 ὁμὲν
448 3368 609 3458 θυμώδης
630 3397 685 3438 και
706 3365 794 3456 πρὸς
814 3375 937 3438 κακίαν
957 3371 972 3438 ἐ
974 3363 1201 3458 ρρωμένσς,
1180 3363 1292 3458 ανὴρ·
1314 3361 1630 3456 ύδέπρδςῆδονὰς

273 3471 514 3555 κσλελυμένος,
546 3466 661 3558 γυνή
689 3475 744 3538 καὶ
768 3475 779 3558 1)
803 3465 1028 3556 πρεσβύτης
1057 3463 1167 3558 μέν“
1148 3497 1167 3539 ο
1193 3473 1489 3556 »πεπαλαιωμένος
1511 3474 1629 3538 κακῶν
1650 3479 1704 3535 319

225 3629 229 3634 .
324 3561 482 3656 ἡμερῶν·
505 3575 711 3640 νεανίσκοι
732 3573 777 3652 δέ,
799 3575 877 3658 περὶ
899 3558 952 3637 ῶν
964 3561 1094 3650 Ἠσαίας
1109 3575 1202 3658 φησί·
1228 3563 1442 3639 »πεινάσουσι
1458 3564 1627 3654 νεώτεροι,

323 3669 378 3734 καί
406 3661 606 3738 κοπιώσουσι
636 3675 814 3743 νεανίσκοι,
842 3674 900 3737 καί
925 3671 1078 3738 ἐκλεκτοὶ
1100 3661 1251 3756 ἇνίσχυες
1273 3669 1443 3739 ἐσσνταιι·
1473 3673 1528 3735 καὶ
1552 3659 1628 3735 τού·

324 3770 477 3835 ναντίον·
514 3770 565 3836 »σί
600 3773 637 3837 δὲ
671 3763 901 3855 ύπομὲνοντες
930 3765 994 3838 τὸν
1022 3766 1108 3838 θεὸν
1136 3762 1340 3852 α’λλᾶξσυσιν
1367 3763 1476 3854 ἰσχύν,
1505 3791 1627 3852 πτερο-

406 3949 425 4006 5
452 3949 505 4006 ίεε.
529 3953 572 4014 13,
592 3954 615 4008 2.
642 3983 675 3992 -
707 3951 745 4009 14
770 3954 865 4008 IXor.
884 3957 911 4016 1,
930 3954 972 4008 20.
999 3982 1031 3992 -
1057 3953 1136 4012 2⁰11.
1165 3953 1227 4023 vgl.
1250 3953 1358 4023 Olymp.
1382 3951 1437 4020 (Gh
1460 3951 1499 4018 II,
1524 3949 1627 4018 mom:

323 4033 426 4102 ἡδονὴν
447 4038 498 4104 τὴν
520 4040 670 4107 δηλνμανῆ
691 4040 740 4094 καί
761 4035 812 4094 τδν
835 4036 939 4107 ταίτην
961 4033 1131 4110 ἐνεργοῦντα
1149 4039 1281 4106 δαίμονα,
1314 4034 1365 4102 τὰς
1382 4037 1556 4106 φιλοδοξίας,
1578 4031 1628 4100 τὰς

323 4122 547 4192 φιλοχρηματίας
566 4124 616 4177 καί
637 4120 704 4188 τούς
729 4120 816 4188 αὐτὰς
837 4120 1024 4194 ἐνεργοῦντας
1046 4123 1184 4191 δαίμονας
1285 4119 1351 4186 τοὺς
1372 4125 1421 4188 τῆς
1442 4117 1627 4190 ψευδωνύμου

322 4197 455 4271 γνώσεως
472 4204 656 4272 διδασκάλους
672 4205 722 4262 σύν
739 4215 799 4273 τοῖς
816 4207 1007 4278 πειθομένοις.
1035 4204 1102 4272 τοὺς
1118 4213 1176 4262 τῶν
1194 4202 1317 4262 εἰδώλων
1336 4201 1501 4278 ίερσυργοὺς
1517 4205 1566 4258 καί
1577 4201 1628 4268 τὰς

321 4285 436 4354 τελετὰς
461 4287 555 4346 αὐτῶν
581 4293 630 4346 καί
650 4289 685 4347 τὰ
708 4286 816 4348 εἴδωλα.
851 4290 917 4358 τοὺς
938 4286 1081 4364 ἄρχοντας
1103 4287 1134 4346 ἐν
1156 4293 1241 4366 κακίᾳ
1264 4291 1411 4360 δαίμονας.
1430 4317 1464 4329 -
1480 4289 1520 4366 21
1539 4287 1626 4342 Exod.

323 4373 362 4436 15,
382 4375 404 4428 1.
426 4403 456 4414 -
475 4374 514 4431 25
532 4373 595 4446 VgI.
614 4375 671 4430 Sus.
689 4377 723 4432 52
740 4375 823 4444 (LXX
842 4370 895 4444 δ’).
913 4406 947 4415 -
965 4377 1005 4432 1111
1022 4377 1075 4431 ίεε.
1092 4377 1134 4442 40,
1153 4377 1193 4431 30.
1212 4405 1245 4415 -
1263 4373 1303 4431 28
1320 4375 1374 4429 ίεε.
1391 4373 1435 4440 40,
1454 4376 1496 4427 31.

410 4541 424 4595 7
448 4543 637 4612 κρατήσουσιν
661 4543 738 4598 ΒΙεεε
759 4546 932 4616 κρατήσασιν
954 4545 1006 4598 elo
1033 4545 1038 4612 )
1064 4544 1102 4599 11
1127 4545 1211 4614 φησίν
1228 4544 1256 4612 (η
1274 4541 1352 4611 corr.)
1370 4549 1448 4596 0⁰⁰ss-
1472 4539 1559 4610 φασίν
1583 4537 1625 4604 σί

323 4625 362 4681 18
378 4625 429 4698 τῷ)
445 4623 479 4680 τὸ
498 4644 513 4682 α
527 4628 532 4696 )
548 4627 587 4683 15
605 4626 822 4700 εἰδωλολατρίας
840 4645 856 4683 o
871 4630 875 4696 Ι
892 4629 929 4684 17
949 4625 1029 4684 ίούδσ
1045 4631 1094 4683 καί
1112 4625 1213 4700 ίσροηλ
1230 4626 1320 4697 0127
1340 4621 1522 4696 ἀνωχύσντες
1540 4641 1563 4678 ο.
