3768 5544
668 455 789 515 Romilio
805 459 878 516 XIV.
913 459 1011 516 Jerem.
1030 461 1072 526 15,
1089 461 1198 518 10-19.
1520 470 1578 532 119

268 619 429 693 τοῦντων
460 619 541 702 τοὺς
567 615 690 710 λόγους
711 643 786 692 σου
828 628 1030 694 συντέλεσον
1052 619 1205 706 αῦτοῦςι.
1248 619 1418 713 λεγέτω“
1399 653 1418 696 ο
1444 623 1578 714 προφῆ-

268 750 337 811 της,
360 716 446 792 ἄλλά
477 725 611 810 μᾶλλον
640 715 796 809 άρμόζει
805 719 846 792 τὸ
872 727 1091 794 εσυντέλεσον
1121 719 1262 806 αὐτοὺς(
1296 720 1532 813 λεγόμενον(
1510 725 1577 796 υπὸ

268 826 331 892 τοῦ
353 825 522 910 σωτῆρος·
543 826 718 893 συντέλεια
740 821 802 910 γὰρ
824 813 911 910 ἦλθε
933 829 1011 909 περὶ
1032 820 1099 912 τῆν
1119 817 1329 912 Ἰερουσαλὴμ
1349 829 1471 914 καὶτῷ
1494 830 1576 913 λαῷ,

267 924 323 991 ἐπὶ
345 938 417 1003 τοῖς
432 915 672 1008 συμβεβηκόσιν
686 926 722 1006 ἐξ
736 923 914 1010 ἐπιβουλῆς
936 927 999 994 τοῦ
1014 928 1100 994 λαοῦ
1113 920 1201 994 κατὰ
1217 928 1281 994 τοῦ
1296 929 1453 1013 σωτῆρος
1471 920 1577 1013 ἡμῶν.

233 1039 249 1092 5
350 1018 448 1090 Μετὰ
469 1024 579 1090 ταῦτα
600 1014 784 1109 ἀναγκαῖον
806 1019 861 1091 διὰ
884 1019 926 1093 τό
946 1020 1061 1093 πολλά
1074 1027 1287 1094 πεπονθέναι
1301 1022 1382 1104 τοῦς
1396 1021 1578 1112 προφήτας

266 1124 466 1208 ἐλέγχοντας
487 1125 543 1190 καί
565 1118 628 1190 τὸν
650 1115 756 1207 λόγον
777 1117 1024 1208 πρεσβεύοντας
1045 1128 1102 1192 καὶ
1123 1127 1314 1204 λαλοῦντας
1339 1120 1382 1194 τά
1410 1145 1578 1213 προστασ·

266 1214 391 1306 σόμενα
412 1213 479 1290 ῦπὸ
501 1223 565 1288 τοῦ
586 1224 679 1304 θεοῦ,
702 1214 892 1308 ῦπομνῆσαι
913 1219 995 1302 τοὺς
1017 1214 1187 1314 άκροατάς
1202 1227 1279 1308 περὶ
1293 1249 1356 1292 του
1341 1227 1446 1307 ’βίου
1459 1218 1578 1294 αῦτῶν

265 1323 321 1389 καὶ
343 1324 417 1388 τῶν
438 1321 648 1407 ἐπαγγελιῶν
669 1313 786 1390 αὐτῶν
806 1325 863 1390 καὶ
885 1323 947 1407 τῆς
969 1314 1132 1410 ἡμετέρας
1153 1327 1389 1409 προαιρέσεως,
1412 1324 1468 1391 ίνα
1488 1321 1577 1394 κατά

266 1415 305 1488 τό
328 1415 480 1489 δυνατὸν
501 1414 588 1507 ἡμῖν,
610 1423 639 1488 εί
661 1422 808 1506 θέλομεν
833 1416 918 1508 μετὰ
946 1425 1020 1489 τῶν
1044 1425 1237 1508 προφητῶν
1263 1416 1397 1508 ἔχειν’
1376 1418 1575 1506 ανάπαυσιν,

214 1533 247 1588 10
265 1516 308 1588 τά
343 1518 423 1606 ἐργα
462 1523 536 1588 τῶν
569 1524 766 1606 προφητῶν
799 1517 1012 1608 ζηλῶσωμεν.
1063 1511 1082 1588 ό
1114 1524 1149 1588 δὲ
1181 1525 1269 1607 λέγω
1300 1517 1463 1592 τοιοῦτόν
1493 1525 1576 1592 ἐστι·

264 1613 429 1699 πολλάκις
450 1621 488 1686 ἐν
510 1634 585 1700 ταῖς
606 1613 716 1704 εύχαῖς
737 1623 890 1706 λέγομεν·
911 1622 971 1689 θεὲ
985 1615 1237 1706 παντοκράτορ,
1259 1616 1326 1706 τῆν
1346 1626 1463 1708 μερίδα
1478 1615 1576 1709 ἡμῶν

262 1715 444 1806 μετὰτῶν
469 1723 662 1806 προφητῶν
688 1713 755 1802 δός,
807 1715 872 1806 τῆν
897 1724 1015 1807 μερίδα
1036 1713 1135 1807 ῆμῶν
1161 1717 1245 1808 μετὰ
1271 1725 1344 1790 τῶν
1370 1714 1576 1790 ἀποστόλων

263 1821 327 1888 τοῦ
349 1822 501 1906 Χριστοῦ
522 1839 585 1888 σου
612 1811 680 1898 δός,
707 1819 762 1888 ίνα
792 1813 987 1906 εύρεθῶμεν
1016 1823 1072 1888 καὶ
1092 1813 1165 1904 μετ’
1193 1814 1300 1888 αύτοῦ
1330 1823 1394 1892 τοῦ
1416 1823 1574 1908 Χριστοῦ.

178 1932 246 1988 λῖθν
263 1923 373 1987 ταῦτα
394 1920 430 1987 δέ
453 1920 611 2004 λέγοντες
632 1911 694 1986 οῦκ
716 1911 962 2006 αἰσθανόμεθα
985 1923 1020 1986 τί
1034 1912 1211 2006 εῦχόμεθω
1235 1913 1372 2006 δυνάμει
1387 1916 1451 2007 γάρ
1466 1914 1571 1990 τοῦτό

212 2037 244 2090 15
263 2040 388 2103 φαμεν·
410 2013 469 2098 δός
491 2011 576 2104 ἡμᾶς
597 2026 723 2087 παθεῖν
745 2011 766 2086 ά
792 2011 1010 2087 πεπόνθασιν
1041 2018 1073 2088 ολ
1094 2023 1280 2107 προφῆται,
1312 2015 1371 2101 δός
1401 2023 1457 2088 καὶ
1488 2014 1573 2108 ἡμᾶς

262 2121 449 2206 μισηθῆναι
471 2111 518 2198 ῶς
540 2112 748 2205 ἐμισήθησαν
771 2119 803 2186 ολ
817 2120 1004 2204 προφῆται,
1027 2111 1151 2205 λόγους
1169 2115 1349 2200 τοιούτους
1365 2115 1423 2198 δὸς
1445 2113 1497 2205 ἐφ’
1521 2116 1572 2200 οίς

261 2213 528 2304 μισηθησόμεθα,
552 2212 610 2296 δὸς
636 2211 817 2298 τοσαύταις
837 2211 1050 2303 περιστάσεσι
1071 2234 1263 2304 περιπεσεῖν
1283 2209 1411 2305 <όσ>αις
1433 2219 1466 2288 οί
1488 2212 1571 2289 άπό-

262 2328 390 2388 στολοι.
437 2313 479 2386 τὸ
509 2312 572 2404 γάρ
599 2319 721 2402 λέγειν·
753 2311 811 2396 δός
840 2341 897 2402 μοι
925 2320 1043 2403 μερίδα
1072 2313 1157 2404 μετὰ
1184 2321 1259 2386 τῶν
1288 2322 1496 2403 προφητῶν,
1526 2315 1571 2405 μῆ

262 2412 424 2486 παθόντα
445 2411 489 2485 τά
511 2420 584 2486 τῶν
604 2420 801 2503 προφητῶν
820 2418 905 2503 μηδὲ
925 2423 1050 2486 παθεῖν
1071 2419 1222 2486 θέλοντα
1237 2418 1249 2504 ΙΙ
1265 2410 1383 2486 άδικόν
1408 2417 1487 2486 ἐστι.
1530 2413 1571 2486 τό
1594 2427 1645 2482 218

210 2533 245 2589 20
263 2519 384 2603 λέγειν·
405 2508 463 2596 δός
485 2541 542 2602 μοι
563 2519 679 2603 μερίδα
699 2511 784 2602 μετὰ
805 2519 880 2584 τῶν
906 2509 1124 2597 ἀποστόλων,
1154 2511 1199 2602 μῆ
1226 2520 1378 2586 θέλοντα
1406 2509 1475 2586 άπὸ
1504 2521 1572 2586 δια-

262 2621 392 2696 θέσεως
426 2611 567 2684 Παύλου
599 2607 819 2702 άληθεύοντα
849 2617 968 2684 εἰπεῖν·
1004 2617 1060 2684 »ἐν
1093 2607 1215 2695 κόποις
1245 2619 1503 2703 περισσοτέρως,
1534 2619 1571 2686 ἐν

262 2724 406 2802 πληγαῖς
439 2719 696 2802 περισσοτέρως,
732 2715 770 2783 ἐν
806 2720 971 2798 φυλακαῖς
1005 2707 1297 2802 ὑπερβαλλόντως,
1332 2717 1370 2784 ἐν
1403 2711 1570 2796 θανάτοις

262 2811 444 2897 πολλάκις(
468 2818 523 2883 καί
545 2811 589 2884 τά
611 2813 700 2900 ἑξῆς,
730 2809 875 2882 πάντων
896 2816 988 2882 ἐστὶν
1009 2806 1232 2883 άδικῶτατον.
1278 2815 1370 2901 είπερ
1393 2805 1456 2884 οῦν
1470 2821 1571 2887 θέλο-

261 2942 324 3003 μεν
353 2911 437 3002 μετά
472 2918 546 2983 τῶν
578 2917 771 3000 προφητῶν
800 2917 972 2998 γενέσθαι,
1002 2903 1066 3000 δρα
1096 2910 1178 2994 τούς
1212 2918 1304 2995 βίους
1334 2917 1408 2983 τῶν
1437 2939 1567 3000 προφη·

210 3029 244 3084 25
263 3019 336 3084 τῶν
358 3007 414 3084 ότι
436 3017 473 3084 ἐκ
496 3017 559 3084 τοῦ
579 3014 734 3100 ἐλέγχειν,
761 3015 799 3083 ἐκ
824 3015 888 3082 τοῦ
913 3013 1082 3100 ἐπιτιμᾶν,
1109 3014 1146 3081 ἐκ
1172 3016 1236 3082 τοῦ
1262 3007 1483 3100 ἐπιπλῆσαειν
1507 3014 1571 3084 ἐδι·

262 3109 424 3200 κάςοντο,
461 3116 691 3199 διεκρίνοντο,
722 3107 996 3197 κατεδικάζοντο.
1053 3108 1319 3200 »ἐλιθάσθησαη
1350 3115 1570 3200 ἐπρίσθησαν,

261 3209 520 3302 ἐπειράσθησαν,
542 3215 580 3283 ἐν
603 3207 701 3302 φόνῳ
723 3216 888 3300 μαχαίρας
909 3203 1099 3295 άπέθανον,
1120 3215 1311 3300 περιῆλθον
1331 3213 1369 3280 ἐν
1386 3217 1570 3300 μηλωταῖς,

344 3381 400 3442 511.
418 3381 482 3452 Vgl.
500 3381 580 3437 Hom.
593 3384 633 3446 15,
646 3384 671 3435 1.
689 3409 722 3420 -
742 3379 818 3438 lm.
837 3379 900 3450 Vgl.
919 3379 999 3435 Hom
1012 3380 1053 3446 15,
1066 3382 1090 3434 1.
1108 3408 1142 3420 -
1161 3379 1317 3435 21111101.
1332 3380 1428 3442 11,23.
1447 3409 1480 3420 -
1499 3379 1573 3436 M.

260 3467 342 3523 Hebr.
355 3471 396 3533 11,
408 3467 449 3522 37.
467 3467 509 3523 38.

346 3615 419 3673 1-4
436 3615 536 3672 Hierzu
548 3615 657 3685 Fragm.
669 3616 703 3672 56
720 3614 748 3669 in
765 3614 798 3671 0:
817 3615 1084 3682 Συντέλεια-λαίς
1102 3614 1171 3684 1⁸14
1193 3611 1473 3684 συντέλεια-ὴμῶν]
1494 3613 1574 3681 cujus

257 3707 319 3770 μοτί
337 3703 497 3770 μσεείοιιτιη
517 3700 591 3754 venit
612 3701 812 3756 consummatio
828 3699 981 3755 διακρίνειε
997 3705 1021 3756 εί
1038 3699 1190 3767 ιάίενίοοίίο
1209 3699 1310 3768 populo·
1329 3698 1498 3754 διιδαοοτιικι
1522 3698 1572 3766 Η]

262 3786 281 3841 4
298 3783 372 3842 κατὰ
390 3784 578 3842 ΟΚοοίυοίιεα
595 3782 642 3842 ἐπὶ
660 3785 677 3839 S
700 3786 705 3854 Ι
731 3786 746 3842 ί
774 3779 945 3855 ὑπομνῆσαι]
963 3792 997 3850 -1-
1011 3786 1113 3854 paucis
1132 3783 1156 3837 H
1179 3787 1185 3853 Ι
1207 3783 1225 3840 Β
1247 3781 1351 3852 αὐτῶν]
1370 3791 1404 3844 <
1421 3781 1447 3838 Η
1461 3785 1467 3848 Ι
1483 3784 1520 3840 1⁰
1537 3780 1573 3841 τὰ

261 3864 341 3942 ἔργα]
362 3871 447 3926 eciam
468 3887 550 3940 opera
570 3869 620 3938 Η]
641 3869 757 3926 11-18
784 3870 1023 3941 τῆν-Χριστοῦ]
1050 3871 1087 3924 δα
1110 3868 1190 3924 nobis
1209 3872 1320 3938 pamm
1341 3883 1406 3924 σακε
1424 3867 1573 3937 prophetis,

259 3953 297 4008 δα
321 3971 386 4009 cum
411 3956 543 4025 αμοείοίίε
565 3955 672 4012 (ίίιιτζτῖί
696 3954 752 4022 tui,
774 3954 862 4008 ῖτιίκιι
878 3957 910 4008 ut
925 3953 1106 4009 δαοικιαικυι·
1122 3954 1160 4009 ad
1176 3953 1292 4022 υιείίρίσ
1314 3952 1458 4021 Ππίφικέῖέ
1473 3952 1518 4006 tui
1533 3952 1574 4016 H;

260 4038 333 4094 doeh
352 4039 460 4094 υτίτῶτιί
475 4059 524 4096 ατε
538 4041 564 4094 Z.
578 4041 679 4097 18-20
695 4039 790 4096 ands,
802 4039 860 4106 120,
873 4039 907 4094 23
924 4037 1156 4109 hervorzugehon,
1176 4037 1239 4092 dass
1255 4055 1309 4093 nur
1326 4038 1374 4094 der
1387 4037 1512 4092 Wunsoh
1529 4037 1574 4092 die

260 4123 416 4194 Propheben
432 4125 490 4181 und
507 4124 553 4180 die
569 4124 685 4195 Apostel
702 4141 735 4179 τα
754 4121 893 4178 michan
910 4121 1031 4193 vorliegt
1053 4124 1058 4191 Ι
1085 4123 1122 4179 15
1140 4120 1387 4195 δὸς-προφῆται]
1407 4128 1442 4181 <
1458 4121 1485 4176 Η
1509 4125 1513 4190 Ι
1540 4121 1575 4177 λθ

259 4205 463 4278 λόγους-δὸς]
486 4213 510 4262 εί
530 4209 568 4264 da
588 4209 667 4264 nobis
689 4207 770 4263 σιτία
795 4207 865 4262 talia
885 4204 911 4260 Η
934 4208 939 4275 Ι
964 4207 1001 4263 11
1019 4205 1251 4277 μισηθησδμεθα]
1266 4207 1485 4276 persecutionem
1498 4207 1575 4274 pati-

259 4308 344 4346 amur
360 4291 387 4346 H
401 4295 405 4361 Ι
421 4288 503 4360 ὅσαις
520 4294 599 4348 Βὶαεε
614 4293 618 4362 Ι
635 4293 720 4362 18]19
734 4293 773 4362 μῆ
783 4291 926 4361 παθόντα]
937 4291 1002 4352 <Η
1016 4293 1021 4360 Ι
1037 4291 1076 4348 λθ
1090 4285 1198 4361 ἐίδικον]
1216 4290 1575 4360 οαικίιακτκγλιείιζττίαικυι

259 4375 285 4432 Η
304 4377 371 4447 (ng.
389 4378 416 4432 Ζ.
434 4379 477 4444 23]
503 4382 507 4446 Ι
533 4378 573 4434 22
591 4375 808 4450 περισσοτέρως]
830 4375 1001 4432 αδυπιίσιιῖιν
1021 4375 1048 4431 Η
1067 4377 1071 4444 Ι
1092 4370 1335 4448 ὑπερβαλλόντως]
1357 4392 1445 4444 ευμτο
1461 4374 1575 4428 modum

260 4460 284 4514 Η
307 4463 312 4530 ]
332 4461 373 4518 24
391 4461 534 4533 γενέσθαι]
552 4463 717 4532 requiam
738 4461 765 4516 H
782 4461 850 4531 (vgl.
868 4459 941 4515 Zoilo
958 4461 985 4529 9)
1000 4462 1005 4528 Ι
1021 4455 1086 4532 ὅρα]
1105 4461 1306 4516 emeremus
1325 4459 1474 4530 ΗΙθῦίθθ
1491 4455 1576 4514 ἐκέ-

259 4541 432 4618 ἐδικιίζοντο]
450 4547 521 4609 <Η
547 4549 552 4616 Ι
571 4547 609 4603 2⁰
625 4543 802 4619 ἐπρίσθησαν
820 4544 864 4600 Hu
886 4545 1017 4600 serrati
1038 4544 1063 4598 Η
1081 4540 1299 4614 ἐπρήσθησανθ
1320 4547 1325 4616 Ι
1346 4545 1384 4606 27
1404 4541 1574 4618 ἐπειράσθη-

260 4630 323 4700 σαν]
344 4640 377 4691 <
389 4631 423 4688 Η.
