3768 5544
339 462 395 525 102
778 451 916 523 Origenee'
934 452 1195 508 Jeromiahomilien.

336 613 554 704 ἀπεστράφης
575 642 628 703 με,
652 621 740 703 λέγει
760 613 883 704 κύριος.
926 609 1037 688 όπίσω
1059 613 1214 704 πορεύσῃ,
1237 622 1292 685 καὶ
1314 617 1442 686 ἐκτενῶ
1465 615 1530 705 τὴν
1550 613 1643 704 χεῖρά

334 743 401 805 μου
430 720 484 786 έπὶ
515 722 551 786 σε
582 723 638 785 καὶ
669 719 845 803 διαφθερῶ
876 739 926 798 σε,
956 721 1012 785 καὶ
1035 711 1148 786 ούκέτι
1169 709 1285 804 ἀνήσω
1308 737 1351 784 σε.
1394 721 1452 785 καὶ
1474 721 1643 804 διασπεριῦ

334 813 460 898 αύτούς
481 819 518 886 έν
541 819 735 906 διασπορᾷι.
771 814 844 885 εἶτα
869 810 1117 904 »ήτεκνεόθηνα
1156 809 1280 902 ἀπορία
1302 819 1441 902 κατέσχε
1461 841 1515 902 με,
1537 811 1643 902 παρά·

335 921 450 1006 δειγμα
480 910 641 1003 λαμβάνω
671 911 837 1004 πολέμιόν
868 940 945 984 τινα
975 911 1224 1001 ἀποδειχθέντα
1247 919 1310 985 τοῦ
1331 911 1568 998 βασιλεύοντος
1589 918 1644 985 έπί

301 1029 317 1082 5
334 1021 403 1104 γῆς,
427 1008 482 1086 ότι
503 1020 555 1103 τῷ
579 1011 729 1098 τοιούτῳ
752 1009 829 1083 οῦδὲ
849 1011 1068 1098 μεταδιδόναι
1090 1015 1186 1083 ἐλέου
1206 1013 1341 1098 ἔξεστιν,
1364 1015 1419 1084 ίνα
1433 1012 1477 1102 μὴ
1493 1020 1576 1102 δοκῇ
1592 1042 1644 1099 τις

333 1111 559 1204 προσκρούειν
580 1119 632 1202 τῷ
654 1109 915 1184 καταδικάσαντι
936 1120 1068 1196 βασιλεῖ.
1105 1117 1160 1182 καὶ
1183 1107 1256 1197 [οῦκ
1276 1114 1384 1198 ἔξεστι
1404 1110 1468 1184 τόν
1484 1121 1645 1185 τοιοῦτον

335 1211 413 1286 οῦδὲ
439 1217 579 1302 ἐλεῆσαι]
606 1219 898 1297 προσεπιτείνουσί
924 1238 1013 1294 τινες
1035 1207 1112 1282 οῦδὲ
1134 1209 1441 1298 σκυθρωπάζοντες
1463 1209 1514 1283 ἐπ’
1539 1211 1642 1304 αύτῷ,

334 1318 389 1384 ίνα
418 1311 463 1403 μὴ
493 1316 549 1383 έπί
579 1318 631 1401 τῷ
662 1307 925 1398 σκυθρωπάζειν
955 1315 1082 1382 δοκοῦσι
1113 1315 1386 1400 δυσαρεστεῑσθαι
1413 1319 1465 1401 τῷ
1487 1319 1642 1400 κριθέντι

333 1411 401 1484 ύπό
428 1417 491 1482 τοῦ
517 1415 687 1514 βασιλέως.
730 1414 759 1480 εί
785 1405 946 1498 νενόηκας
968 1417 1089 1494 τοῦτο,
1115 1415 1164 1483 ίδε
1185 1437 1242 1496 μοι
1264 1409 1328 1482 τόν
1349 1416 1642 1484 καταδικασθέντα

282 1522 316 1577 10
333 1509 401 1584 ύπό
424 1517 488 1583 τοῦ
508 1515 594 1580 θεοῦ
615 1507 669 1579 διὰ
691 1506 752 1590 τὰς
766 1509 896 1590 πολλὰς
911 1509 1035 1580 ἑαυτοῦ
1050 1505 1220 1599 άμαρτίας,
1242 1516 1294 1579 καί
1313 1501 1375 1597 όρα
1390 1508 1454 1581 τόν
1468 1517 1640 1596 τοιοῦτον,

249 1619 317 1674 266¹
334 1610 541 1700 λεγκοόνων)
565 1602 680 1679 όντων
702 1605 854 1697 ἀγγέλων
875 1615 948 1678 τῶν
968 1615 1185 1698 τεταγμένων
1200 1613 1254 1678 έπί
1270 1605 1312 1680 τό
1327 1619 1466 1698 βοηθεῖν
1485 1615 1490 1698 Ι
1509 1617 1552 1699 τῇ
1567 1618 1641 1682 τῶν

334 1708 536 1798 ἀνθρώπων
556 1706 662 1796 φύσει,
692 1705 760 1780 ύπό
790 1705 933 1797 μηδενὸς
954 1706 1160 1793 ἐλεούμενον.
1197 1710 1336 1793 ἕκαστος
1358 1708 1420 1799 γάρ
1452 1717 1526 1781 τῶν
1550 1707 1641 1798 ἀγγέ-

213 1873 216 1882 ,
334 1819 406 1880 λων
434 1810 519 1880 ίδδνν
544 1805 609 1879 τόν
634 1804 905 1878 καταδικάσαντα
928 1799 982 1878 ότι
1004 1803 1085 1890 θεός
1105 1812 1185 1890 έστι,
1213 1807 1277 1879 τόν
1300 1805 1564 1897 ἀποστραφέντα
1586 1803 1641 1880 ότι

333 1905 531 1998 δημιουργός
561 1912 645 1990 έστι,
682 1905 873 1996 τὴνφύσιν
900 1914 974 1977 τῶν
999 1902 1176 1995 ἁμαρτιῶν
1202 1900 1256 1978 ότι
1282 1907 1424 1997 τοιαύτη
1456 1905 1545 1981 ὥστε
1577 1907 1641 1980 τόν

282 2022 315 2076 15
334 2006 466 2096 ἀγαθόν
480 2008 565 2078 θεὸν
581 2002 847 2095 ἀναγκασθῆναι,
870 2001 916 2076 ἵν’
940 1998 1052 2088 οῦτως
1066 2011 1152 2076 εἴπω
1168 2004 1232 2096 τὴν
1254 2013 1373 2096 ψῆφον
1396 2005 1531 2096 ἀγαγεῖν
1553 2007 1640 2080 κατὰ

333 2113 397 2179 τοῦ
411 2102 658 2196 ἡμαρτηκότος,
675 2107 813 2188 ἕκαστος
828 2111 901 2176 τῶν
917 2100 1084 2192 δρώντων
1100 2102 1141 2177 ού
1156 2112 1321 2193 φείδεται,
1338 2103 1379 2178 οῦ
1393 2105 1640 2196 σκυθρωπάζει,

334 2205 395 2278 οῦκ
425 2212 521 2290 έλεεί,
551 2201 613 2276 οῦκ
643 2209 859 2293 ἐπανέρχεται
891 2202 979 2276 άίστε
1010 2211 1241 2295 παρακαλέσαι
1270 2213 1346 2294 περὶ
1376 2213 1437 2297 τῆς
1469 2207 1556 2294 πρός
1578 2207 1641 2279 τόν

334 2312 495 2378 τοιοῦτον
518 2303 658 2396 εἰρήνης.

201 2475 203 2480 .
415 2402 455 2475 ‘H
470 2401 679 2494 Ἰερουσαλὴμ
706 2412 823 2477 τοίνυν
850 2398 935 2493 αῦτη
958 2397 1064 2492 (οῦτω
1085 2403 1148 2494 γάρ
1170 2411 1338 2491 λελέξεται
1359 2407 1413 2478 διὰ
1434 2404 1474 2478 τό
1497 2403 1639 2495 γράμμα)

218 2584 222 2590 .
283 2515 317 2570 20
334 2500 556 2594 ἦμαρτηκέτω
582 2532 648 2593 μου
669 2509 715 2587 είς
737 2503 800 2576 τόν
821 2498 960 2593 Ἰησοῦν,
987 2512 1043 2574 καὶ
1065 2509 1206 2574 τοιαῦτα
1227 2511 1459 2594 πεποιηκέτω,
1487 2509 1543 2578 ίνα
1563 2510 1639 2592 είπη

333 2610 408 2692 περὶ
430 2601 534 2694 αὐτῆς
556 2598 575 2674 ό
597 2599 730 2693 Ἰησοῦς·
755 2600 978 2692 »Ἰερουσαλὴμ
998 2597 1223 2692 Ἰερουσαλήμ,
1246 2601 1267 2694 ἡ
1290 2599 1537 2676 ἀποκτείνουσα
1559 2605 1639 2687 τούς

332 2700 512 2793 προφήτας
534 2708 588 2774 καὶ
611 2709 840 2788 λιθοβολοῦσα
863 2701 942 2784 τοὺς
965 2697 1236 2790 ἀπεσταλμένους
1257 2701 1344 2791 πρός
1359 2699 1476 2793 αύτήν,
1498 2701 1639 2786 ποσάκις

333 2798 483 2892 ἠθέλησα
514 2799 710 2888 ἐπισυνάξαι
738 2801 783 2873 τά
813 2808 915 2873 τέκνα
946 2825 1007 2873 σου
1041 2795 1082 2871 όν
1112 2799 1243 2890 τρόπον
1272 2795 1365 2891 ὄρνις
1386 2801 1575 2891 ἐπισυνάγει
1596 2802 1639 2874 τά

333 2908 448 2972 νοσσία
478 2897 545 2972 ύπό
576 2902 638 2986 τὰς
667 2909 847 2990 πτέρυγας,
878 2911 934 2973 καὶ
965 2896 1026 2972 οῦκ
1057 2897 1254 2990 ἠθελήσατε.
1296 2901 1371 2972 ίδοῦ
1402 2899 1537 2990 ἀφίεται
1561 2900 1639 2991 ύμῖν

282 3013 315 3068 25
334 2995 352 3071 ό
376 2999 469 3084 οἶκος
482 2997 606 3086 ῦμῶνι.
642 3008 900 3072 καταλειπέσθω
916 2995 1000 3089 αῦτη
1016 2996 1036 3088 ἡ
1050 2996 1257 3091 Ἰερουσαλήμ
1274 3005 1284 3090 ΙΙ
1302 2998 1350 3084 οίς
1369 3007 1638 3074 καταλέλειπται.
1659 3020 1710 3076 206

333 3103 365 3171 οἱ
392 3099 526 3186 ἄγγελοι
552 3103 584 3170 σί
610 3095 660 3170 ἀεὶ
685 3107 895 3189 βοηθοῦντες
922 3107 964 3188 τῇ
983 3095 1207 3189 Ἰερουσαλήμ,
1235 3095 1280 3172 δι’
1309 3091 1360 3172 τόν
1386 3098 1519 3191 διετάγη
1540 3108 1596 3172 καὶ
1619 3098 1637 3173 ό

332 3204 486 3281 Μωσέως
516 3195 619 3285 νόμος
653 3205 837 3288 »διαταγεὶς
865 3195 909 3271 δι’
941 3195 1093 3288 ἀγγέλων
1122 3203 1159 3270 έν
1179 3207 1262 3288 χειρὶ
1282 3207 1455 3286 μεσίτουτ,
1485 3212 1638 3273 καταλει-

331 3303 491 3368 πέτωσαν
525 3295 590 3386 τὴν
618 3292 827 3387 Ἰερουσαλὴμ
862 3304 916 3368 καί
951 3303 1155 3387 λεγέτωσαν·
1197 3296 1239 3368 τὰ
1275 3293 1496 3386 ἀμαρτήματα
1534 3296 1638 3390 αῦτῆς

331 3393 457 3486 μεγάλα
483 3402 611 3486 γέγονε,
638 3395 701 3468 τόν
722 3393 847 3486 Ἰησοῦν
871 3394 1088 3482 ἀπέκτειναν,
1111 3402 1165 3468 έπὶ
1187 3394 1250 3468 τόν
1273 3394 1423 3485 Χριστόν
1445 3397 1506 3480 τὰς
1527 3415 1638 3486 χεῖρας

418 3551 453 3606 11
468 3550 531 3620 Vgl.
542 3550 642 3606 Matth.
654 3551 696 3618 26,
708 3553 748 3607 53.
758 3583 792 3592 -
802 3552 878 3610 2111.
890 3553 990 3607 Matth.
1002 3553 1044 3618 23,
1056 3553 1097 3608 37.
1110 3554 1144 3608 38
1155 3552 1223 3606 Imk.
1234 3551 1276 3617 13,
1289 3553 1329 3606 34.
1343 3551 1383 3606 35.
1394 3581 1427 3590 -
1437 3551 1475 3607 27
1488 3552 1548 3608 Gal.
1561 3553 1637 3619 3,19.

417 3693 519 3770 θείτα]
532 3693 599 3755 είπα
609 3700 665 3767 SE,
675 3718 737 3771 geg.
746 3701 818 3756 Lxx
828 3701 987 3772 Hexaplau.
997 3701 1072 3756 hebr.
1081 3703 1152 3756 Text
1166 3703 1170 3770 Ι
1186 3697 1382 3773 ἀπορία-με]
1392 3699 1554 3756 bisherzum
1564 3702 1639 3756 Citat

332 3801 466 3854 ςετοηεα,
485 3784 556 3838 doch
577 3785 633 3855 vgl.
655 3803 711 3840 vor.
730 3787 811 3842 Anm.
826 3787 831 3856 Ι
847 3786 935 3841 8-8.
953 3789 1039 3852 103,1
1057 3785 1157 3841 Ηὶεττυ
1169 3785 1277 3855 Fragm.
1288 3789 1322 3842 45
1339 3787 1368 3839 in
1387 3785 1419 3838 0:
1433 3777 1613 3850 Ὡς-αύτοῦ
1632 3789 1635 3852 Ι

333 3869 351 3924 5
369 3869 419 3939 μη]
440 3871 469 3936 -Ι-
483 3869 549 3922 duan
566 3869 695 3922 damnato
713 3869 776 3938 quis
792 3871 938 3925 ιπίεετείυτ
948 3870 974 3924 Η
989 3873 993 3940 Ι
1008 3871 1086 3940 δοκῇ]
1105 3871 1262 3940 ιἰιαίμῦαίΗ
1277 3874 1281 3940 Ι
1295 3871 1339 3936 Of?
1356 3871 1427 3924 Sunt
1444 3875 1553 3924 ιιιιίενι
1571 3887 1636 3924 κου-

331 3953 409 4008 nulli
425 3953 476 4022 qui
491 3953 628 4022 αιηίοίιιοί
644 3953 682 4007 οδ
696 3957 871 4018 severitatem,
888 3960 918 4008 ιιί
936 3973 969 4010 πε
986 3957 1178 4010 contristantur
1196 3956 1305 4024 quidem
1321 3972 1442 4024 supereo
1456 3953 1478 4006 Η
1494 3955 1498 4022 Ι
1512 3955 1529 4009 θ
1547 3949 1637 4020 ἔξεστι

332 4077 397 4092 ,...
420 4039 675 4109 προσεπιτείνουσι]
699 4035 787 4105 ἔξεστι
805 4080 829 4096 ..
844 4080 870 4095 ..
888 4041 1151 4112 προσεπιτείνοντες
1163 4041 1193 4104 S;
1217 4040 1288 4095 doch
1307 4039 1362 4111 vgl.
1376 4039 1403 4094 Η
1419 4058 1445 4092 u.
1462 4039 1487 4092 S.
1507 4039 1609 4100 12116
1631 4039 1635 4102 Ι

333 4123 369 4178 11
388 4119 533 4193 λεγιὼνων
558 4117 648 4178 ὄντων
671 4123 747 4179 Diels
773 4125 845 4178 nach
866 4124 903 4178 H:
926 4125 1177 4179 innumerabilibus
1200 4125 1365 4197 βλεπόντων
1387 4125 1405 4179 S
1427 4123 1492 4192 (καί.
1512 4123 1538 4176 Ζ.
1558 4125 1589 4180 12
1609 4123 1634 4176 S.

332 4207 389 4271 128,
402 4207 465 4273 202]
489 4209 494 4276 Ι
521 4207 558 4263 12
577 4201 632 4262 ὑπὸ
650 4206 803 4276 μηδενδςθ
825 4225 859 4261 πε
876 4209 909 4262 αδ
926 4227 982 4262 υτω
1003 4211 1149 4278 ςαίιίιπιΗ
1170 4211 1174 4277 Ι
1195 4210 1233 4266 15
1257 4205 1327 4266 είπω
1350 4210 1400 4277 τὴν
1422 4208 1494 4262 nach
1515 4209 1553 4262 H:
1572 4223 1634 4276 quo·

331 4292 474 4346 dammodo
491 4290 519 4347 εί
533 4291 696 4360 τοιαίτηνβ
712 4295 716 4360 Ι
733 4293 771 4348 12
789 4287 1030 4364 αῦτη-γράμμα]
1048 4293 1117 4352 <H
1132 4297 1136 4358 Ι
1151 4292 1188 4348 21
1203 4295 1268 4364 περί
1286 4289 1370 4360 αὐτῆς
1388 4288 1404 4347 ό
1427 4285 1537 4362 Ἰησοῦς]
1555 4293 1586 4345 τίν
1603 4310 1635 4346 τα

331 4377 428 4430 δύνατοί
442 4375 568 4430 Salvator
585 4376 639 4444 (od.
652 4377 711 4444 ίμεε
725 4377 858 4442 δαίυαίονΙ
871 4377 895 4430 Η
910 4380 916 4444 Ι
931 4376 970 4432 22
983 4376 1079 4447 αύτιΙν]
1092 4383 1115 4431 te
1127 4377 1151 4430 H
1168 4379 1172 4444 Ι
1185 4375 1306 4442 ποσάκις
1318 4377 1338 4431 Ο
1351 4376 1399 4430 ΝΤ
1416 4373 1515 4442 δσοίκις
1526 4377 1550 4436 S,
1564 4377 1634 4431 doeh

331 4461 387 4531 vgl.
406 4461 431 4514 S.
444 4463 485 4523 52,
498 4461 531 4516 23
550 4464 606 4526 111,
620 4461 653 4516 12
668 4463 671 4529 Ι
687 4461 726 4517 25
748 4460 948 4516 καταλιπέσθαι
965 4461 982 4516 S
1002 4464 1006 4528 Ι
1025 4461 1064 4516 26
1086 4461 1268 4532 βοηθοῦντες]
1290 4462 1485 4532 βοηθήσαντες
1503 4461 1522 4513 C
1540 4461 1590 4528 ραι
1607 4499 1633 4516 ..

331 4544 541 4598 αααύίῦιίιοκίαι·
551 4544 577 4598 Η
592 4547 596 4613 Ι
613 4545 650 4601 21
663 4543 895 4601 καταλιπέτωσαν
908 4545 925 4598 S
941 4549 944 4612 Ι
960 4545 1001 4601 211
1015 4539 1118 4615 Ἰησοῦν
1131 4545 1174 4598 Hu
1186 4545 1280 4598 Jesum
1294 4545 1316 4598 H
1331 4535 1375 4613 ίηλ
1387 4546 1404 4597 S
1418 4546 1424 4613 Ι
1438 4541 1488 4599 τδν
1500 4541 1633 4613 Χριστὸν]

332 4629 483 4682 Dominum
499 4633 624 4682 nostrum
636 4630 670 4686 H.
