3658 5566
333 457 393 519 266
728 447 868 518 Origenes'
885 445 1242 518 Klageliederkommentar.

333 608 410 683 οὐδὲ
426 610 469 682 τὰ
485 607 689 698 ἀνθρώπινα
703 617 849 700 κρίματα
864 614 1063 699 ἐγκλίνειν
1077 619 1294 684 κατέναντι
1310 616 1372 684 τοῦ
1388 615 1398 700 ΙΙ
1414 616 1508 689 θεοῦ,
1523 610 1563 682 τὸ
1574 608 1639 699 γὰρ
1662 623 1715 678 313
1817 633 1818 646 ¹

333 716 465 784 δίκαιον
487 707 600 802 ἀγαπᾷ
621 717 677 780 καὶ
699 705 792 795 εόθό,
816 706 891 783 ἀλλ’
906 707 984 783 οὐδὲ
1006 717 1070 784 τοῦ
1085 711 1181 798 ἄξιον
1196 717 1354 799 γενέσθαι
1375 707 1639 783 καταδικάσαι

333 811 571 902 ἄνθρωπον·
595 806 636 883 ου’
657 808 720 900 γὰρ
736 809 886 894 δύναται
903 819 994 901 φησί,
1016 811 1060 883 τὰ
1075 815 1214 883 ἐναντία
1236 815 1277 882 ἐκ
1299 807 1501 900 στόματος
1522 818 1642 898 κυρίου

333 917 582 1002 ἐξεληλυθέναι,
605 910 654 982 τὰ
682 908 814 1000 ἇγαθόι
834 917 899 982 καὶ
921 908 967 982 τό
988 908 1127 984 κακόν·
1149 903 1313 1000 οὔτεγὰρ
1332 914 1489 999 »δένδρον
1507 906 1642 999 ἀγαθόν

297 1027 313 1080 5
332 1041 484 1131 καρπους
513 1009 687 1099 πονηρούς
715 1029 819 1094 ποιεῖ
850 1003 930 1082 οὔτε
957 1016 1099 1100 δένδρον
1120 1008 1274 1132 πονηρὸν
1295 1009 1447 1098 καρποὺς
1469 1005 1641 1098 ἀγαθούςΙ

333 1110 374 1182 τὸ
397 1101 459 1182 οὖν
481 1107 668 1182 ἀδικεῖσθαι
690 1105 857 1198 ἄνδρας
836 1109 903 1182 υπὸ
925 1117 1092 1200 πονηρῶν
1112 1108 1204 1199 παρὰ
1227 1109 1291 1200 τὴν
1312 1117 1412 1182 θείαν
1430 1118 1541 1197 κρίσιν
1559 1113 1641 1180 ἐστί.

333 1218 463 1301 γίνεται
485 1203 562 1280 δέ”
543 1239 636 1330 ομως
658 1213 694 1280 ἐν
716 1230 789 1292 τοῖς
809 1205 1115 1300 περιορωμένοις
1093 1208 1161 1282 υπὸ
1177 1216 1270 1295 θεοῦ,
1291 1209 1385 1282 καθὰ
1402 1227 1474 1293 τοίς
1488 1204 1643 1298 Ἰσραηλί-

334 1339 409 1393 ταις
429 1305 497 1381 όπό
520 1316 594 1383 τῶν
616 1317 792 1399 πολεμίων
814 1316 944 1399 συνέβη,
966 1312 1060 1382 καλέ
1062 1337 1083 1380 ν
1103 1313 1293 1400 ἐπιστροφῇ
1315 1316 1400 1382 θεοῦ
1422 1307 1546 1382 λύεται.
1586 1307 1641 1382 διὸ

329 1407 395 1499 χρὴ
419 1407 549 1498 ταύτην
569 1405 748 1498 ἀναζητεῖν
771 1409 851 1492 τούς
872 1413 927 1480 ἐπὶ
949 1417 1094 1500 τιμωρίᾳ
1116 1413 1386 1499 παραδοθέντας.

281 1682 315 1737 10
653 1661 709 1729 Nr.
729 1663 855 1731 LXXX
899 1665 1023 1750 Klagel.
1036 1663 1195 1740 ίοτειαὶλ
1211 1670 1259 1732 39.
1274 1671 1323 1732 40.

417 1823 586 1916 Μοίτην”
566 1853 629 1914 αρα
655 1824 919 1916 γογγόζοντες
947 1831 1002 1898 ἐπὶ
1029 1823 1093 1898 τὸν
1115 1822 1319 1916 δημιουργὸν
1341 1855 1406 1917 την
1428 1820 1582 1898 αίτίαν’
1561 1821 1642 1898 avc}-

334 1948 449 2017 γομεν
479 1918 562 2013 ὅπερ
596 1921 614 1998 6
647 1933 724 2014 ζῶν
755 1925 975 2015 ἄνθρωπος
1007 1921 1069 1998 οὐκ
1100 1929 1165 2014 ἔχει
1194 1946 1319 1997 ποιεῖν·
1349 1933 1481 2016 νεκρῶν
1510 1924 1573 2016 γὰρ
1604 1929 1643 1996 ἐν

333 2021 512 2116 ἁμαρτίαις
548 2055 568 2115 η
603 2024 745 2114 τοιαύτη
777 2032 984 2114 προαίρεσις,
1016 2030 1045 2096 εί
1074 2024 1118 2114 μὴ
1150 2023 1215 2113 ἄρα
1246 2029 1403 2114 διελέγχει
1433 2023 1497 2098 τὸν
1528 2031 1643 2112 ζῶντα

332 2121 412 2197 καθ’
432 2121 643 2216 ἇμαρτίαν,
677 2133 732 2196 καὶ
762 2122 848 2197 θεὸν
879 2125 1091 2212 αἰτιώμενον.
1138 2121 1186 2208 ῶς
1213 2115 1277 2195 οὖν
1303 2126 1420 2212 ἑτέραν
1445 2131 1557 2198 αἰτίαν
1579 2120 1644 2197 οὐκ

283 2237 316 2290 15
335 2220 524 2312 ἐγοντες“
502 2253 522 2314 η
558 2221 685 2315 μόνους
720 2223 875 2310 ἑαυτούς,
911 2225 955 2295 τὰ
992 2219 1072 2313 παρ’
1103 2225 1237 2296 ἑαυτῶν
1271 2223 1436 2314 γενόμενα
1464 2233 1644 2316 κρίναντες

334 2323 647 2414 ἐπιστρέψωμεν.

678 2529 735 2597 Nr.
755 2530 897 2596 LXXXI.
940 2529 1063 2614 Klagel.
1077 2529 1234 2615 Jerem.{3‚
1249 2537 1297 2598 40.

421 2689 490 2764 Οόκ
516 2693 588 2764 ἐστι
614 2691 678 2783 γὰρ
708 2697 949 2784 ἐπιστρέψαι
980 2693 1081 2781 πρὸς
1110 2690 1250 2779 κόριον
1281 2690 1344 2764 τὸν
1371 2691 1493 2766 ἑαυτὸν
1520 2688 1643 2783 ἀγνοή-

336 2815 455 2865 σαντα·
477 2791 690 2881 ἐπιγινώσκει
711 2798 749 2864 δέ
769 2821 821 2876 τις
844 2788 974 2876 ἑαυτόν,
996 2788 1137 2881 ἐπάγων
1157 2810 1231 2876 ταῖς
1245 2789 1384 2882 πράξεσι
1399 2791 1464 2882 τὴν
1478 2789 1642 2864 διάνοιαν.

283 2910 317 2965 20
337 2887 404 2981 ἅμα
425 2898 485 2982 μέν
507 2896 703 2964 ἐπισκοπῶν
724 2890 838 2977 αὐτός,
860 2886 928 2982 ἅμα
949 2899 984 2964 δὲ
1005 2897 1062 2962 καὶ
1084 2891 1203 2982 νοεράς
1221 2889 1449 2982 ἐργαζόμενος.
1484 2888 1563 2963 τότε
1577 2891 1642 2980 γὰρ

334 2987 654 3080 »ἀνακεκαλυμμένῳ
682 2992 860 3082 προσώπῳ
887 2991 953 3081 τὴν
978 2988 1082 3076 δόξαν
1109 3000 1227 3079 κυρίου
1251 2988 1561 3082 κατοπτριζόμεθα<
1585 2999 1643 3062 καὶ

335 3093 379 3164 τὰ
408 3100 490 3182 πρὶν
521 3089 822 3181 ἐξομολογούμενοι
853 3098 991 3180 λέξομεν
1022 3083 1077 3162 ότι
1106 3086 1312 3182 »ἡμάρτομεν
1340 3099 1395 3163 καὶ
1427 3089 1642 3182 ἡνομήσαμεν

335 3188 527 3280 ἆποστῆναι
554 3185 622 3261 ἀπὸ
645 3195 719 3263 σοῦ<
738 3198 795 3262 καὶ
815 3183 884 3262 »ότι
906 3197 1034 3274 δίκαιος
1055 3191 1088 3261 εί
1105 3193 1161 3261 ἐπὶ
1182 3199 1284 3264 πᾶσιν
1300 3189 1352 3275 οίς
1366 3189 1530 3283 ἐπήγαγες
1544 3186 1642 3280 ἡμῖν.

669 3444 726 3511 Nr.
747 3445 903 3512 LXXXII.
945 3445 1068 3530 Klagel.
1083 3444 1199 3512 Jerem.
1213 3450 1241 3528 3,
1258 3453 1306 3513 41.

262 3633 316 3688 ·25
421 3603 464 3677 T6
495 3602 714 3691 ἀναλαβεῖν
744 3615 908 3694 καρδίας
938 3611 1003 3679 ἐπὶ
1032 3615 1179 3696 χειρῶν
1210 3616 1302 3681 δοκεῖ
1321 3612 1449 3697 δηλοῦν
1472 3605 1513 3680 τὸ
1536 3612 1643 3682 οίονεὶ

333 3704 418 3796 μετὰ
452 3726 563 3795 χεῖρας
594 3704 758 3796 λαβόντες
788 3706 849 3789 τὰς
880 3709 1013 3778 ἑαυτῶν
1043 3712 1178 3790 ἐννοίας
1206 3704 1425 3796 ἐξετάσωμεν,
1457 3713 1551 3797 εἰπερ
1582 3710 1643 3780 είσὶ

333 3814 490 3896 καθαραί.
571 3893 575 3908 ,

419 4011 438 4069 4
457 4011 520 4083 vgl.
538 4012 638 4066 Matth.
657 4015 734 4077 ,7,1ῗ.
754 4041 786 4050 -
806 4011 885 4067 1111.
904 4011 1087 4083 vg1.01ymp.
1105 4013 1302 4080 (Gh111‚158):
1320 4011 1423 4080 μηδείς,
1443 4011 1517 4082 φησί,
1534 4007 1643 4080 μεμφέ-

334 4101 396 4152 σθοι
424 4090 464 4162 ὥς
490 4091 582 4152 αίτιον
608 4091 750 4170 ἁμαρτίας
775 4095 826 4152 τὸν
852 4093 931 4162 θεὸν,
958 4095 1028 4152 διδτι
1050 4102 1256 4168 προαιρετικῶς
1283 4091 1299 4150 δ
1326 4091 1482 4166 ἄνθρωπος
1503 4089 1643 4168 ἁμαρτὼν

332 4180 449 4322 §ignavae
465 4183 515 4320 ηιὲιί
531 4187 714 4250 μετανοῆσαι.
732 4211 765 4220 -
784 4182 821 4237 21
842 4180 1058 4252 vgl.11K0r.3,
1073 4181 1112 4235 18.
1132 4209 1165 4219 -
1183 4180 1222 4235 22
1240 4178 1303 4250 vgl.
1316 4179 1385 4234 Dan.
1398 4181 1422 4246 9,
1434 4182 1458 4234 5.
1477 4209 1510 4220 -
1529 4178 1565 4234 28
1578 4178 1643 4250 vgl.

397 4307 403 4320 .
439 4305 446 4332 ,
500 4305 506 4318 .

416 4449 438 4506 4
464 4444 539 4521 οὔτε]
567 4447 632 4506 οὐδὲ
657 4467 693 4506 το
716 4452 721 4518 1
746 4451 764 4506 5
788 4446 925 4520 ἀγαθούς]
949 4456 981 4513 -1-
1000 4457 1080 4505 ποιεῖ
1102 4467 1118 4504 o
1142 4451 1147 4516 Ι
1174 4451 1187 4505 λ
1215 4446 1323 4506 κατὰο
1348 4451 1351 4517 Ι
1375 4449 1411 4506 19
1438 4447 1564 4520 διελέγχη
1590 4463 1606 4501 ο
1635 4470 1637 4481 ·

334 4534 422 4602 lam
440 4537 531 4602 ζῶντα
549 4535 706 4609 μαρτίανο
729 4536 734 4603 Ι
759 4533 798 4590 14
816 4527 879 4589 κατ’
896 4551 911 4588 ο
934 4536 939 4600 Ι
966 4535 1003 4590 15
1022 4533 1160 4604 γινόμενα
1178 4535 1323 4606 κρίνοντες
1339 4551 1355 4590 ο
1380 4535 1384 4602 1
1409 4533 1448 4589 28
1471 4533 1529 4603 καί]
1547 4541 1614 4591 <ο
1635 4536 1638 4600 ζ

333 4617 482 4689 ἐπήγαγες]
502 4617 636 4690 ἐποίησας
653 4637 669 4674 ο
686 4616 826 4690 ἐπήγαγες
844 4623 870 4672 0¹
889 4637 913 4674 ο.
927 4619 958 4673 R.
974 4620 978 4688 Ι
995 4619 1034 4675 25
1054 4617 1101 4689 To]
1121 4619 1218 4674 vorher
1235 4626 1285 4674 τοῦ
1302 4617 1390 4674 αὐτοῦ
1408 4635 1429 4674 ε.
