3702 5540
407 485 528 542 Homih'e
545 488 579 542 IL
615 486 712 543 Jerem.
732 488 756 553 2,
774 487 816 543 21.
833 488 875 543 22.
892 516 927 528 —
944 485 1065 543 Homilio
1080 487 1128 542 III.
1161 485 1260 542 Jerem.
1278 486 1303 554 2,
1322 489 1363 543 31.
1499 493 1538 554 21

229 655 286 720 καί
309 643 465 733 ἆδίκουςι.
500 656 577 734 πῶς
599 655 729 740 ἔρημος,
753 644 995 722 ἇνατέλλων“
973 655 1102 770 ήμέραν
1122 656 1179 721 καὶ
1199 645 1306 721 νύκτα
1326 642 1412 731 εἰς’
1391 643 1540 719 ανᾶπαυ-

230 771 284 820 σιν
312 755 441 828 ποιῶν,·
468 755 545 832 πῶς
572 752 693 839 ἔρημος
718 749 783 840 τὴν
809 755 873 838 γῆν
898 756 1012 820 ποιῶν
1036 766 1286 869 καρποφορεῖν·
1314 753 1391 831 πῶς
1419 748 1540 836 ἔρημος

233 849 377 919 ἕκαστον
404 854 597 938 οἰκονομῶν
618 849 708 922 κατὰ
729 848 795 940 τὴν
816 846 944 937 ψυχὴν,
976 851 1030 919 ίνα
1052 845 1188 937 λογικος
1209 877 1245 936 6
1277 851 1331 918 ἵνα
1353 843 1540 935 ἐπιστήμην

148 960 215 1014 218v
232 944 465 1036 ἀναλαμβάνῃ,
489 951 534 1034 Ιί
531 977 573 1020 να
594 947 803 1041 γυμνάζηται
824 947 866 1019 τὸ
889 945 1031 1019 συνετὸν
1053 943 1159 1019 αὐτοῦ
1179 945 1267 1018 κατὰ
1289 944 1330 1017 τὸ
1353 951 1462 1032 σῶμα,
1485 947 1541 1015 ἵνα

198 1049 288 1135 δέχῃ
314 1051 487 1167 έρρωμένα
516 1047 577 1119 »τὰ
603 1047 844 1139 αἰσθητήριαις
874 1051 965 1119 ἔστιν
992 1039 1054 1118 οὖν
1081 1044 1239 1118 οὖδενὶ”
1224 1073 1347 1134 ερημος
1377 1041 1425 1128 οδς
1454 1041 1542 1134 πρὸς

230 1147 296 1218 τὸν
321 1143 476 1219 καθόλου
497 1144 603 1238 λόγον
625 1144 644 1222 6
666 1144 755 1234 θεός.
793 1145 842 1232 αἰς
863 1151 899 1219 δὲ
920 1146 1008 1238 πρὸς
1029 1144 1093 1217 τὸν
1113 1141 1236 1230 ἰδικόν,
1264 1147 1400 1264 ἔρχομαι
1421 1141 1535 1214 ἐπὶ
1497 1172 1541 1214 τα

231 1253 295 1319 τοῦ
315 1243 443 1336 Ἰσραήλ
471 1244 653 1338 πράγματα
678 1257 734 1321 καὶ
764 1255 867 1338 λέγω·
898 1239 978 1320 οὔτε
1001 1249 1124 1336 έρημος
1144 1237 1225 1317 οὔτε
1247 1272 1290 1334 γη
1273 1247 1540 1364 ’.κεχερσωμένη

231 1338 287 1436 66,
311 1340 370 1418 ὅτε
392 1352 430 1418 έν
450 1347 617 1439 Αἰγύπτῳ
640 1354 747 1422 ἐποίει
768 1346 811 1419 τὰ
833 1364 950 1436 σημεῖα
971 1353 1028 1417 καί
1049 1344 1093 1417 τὰ
1114 1351 1241 1431 τέρατα
1263 1350 1314 1434 τῷ
1336 1349 1420 1432 λαῷ.
1455 1347 1484 1413 εἰ
1506 1347 1544 1412 δέ

231 1474 283 1528 τις
311 1443 429 1535 καιρὸς
449 1442 629 1536 γέγονενο
609 1477 669 1521 οτε
690 1453 1016 1566 ἐγκατελείφθησαν,
1047 1449 1153 1517 οἱονεί
1175 1447 1296 1534 ἔρημος
1318 1439 1448 1526 αὐτοῖς,
1479 1436 1542 1513 οὐκ

179 1550 247 1612 10”
232 1573 352 1636 ερημος
374 1537 426 1618 666
448 1543 561 1632 αὐτός,
584 1541 779 1636 ἐγένετο.ο
759 1575 817 1620 οτε
839 1537 995 1636 μέντοι
976 1573 1019 1635 ην
1041 1553 1092 1635 τῷ
1107 1541 1235 1634 Ἰσραὴλ
1252 1539 1314 1615 οὐκ
1329 1545 1449 1631 ἔρημος
1463 1536 1541 1614 0666

231 1651 274 1736 76
300 1653 547 1768 κεχερσωμένη,
580 1665 652 1732 τοῖς
680 1653 792 1720 ἔθνεσι
817 1644 905 1718 κατὰ
932 1644 996 1717 τὸν
1018 1617 1128 1717 ἰδικὸν
1153 1641 1260 1733 λόγον
1279 1643 1401 1732 ἔρημος
1421 1647 1478 1712 καὶ
1498 1643 1541 1727 γῆ

230 1738 501 1870 κεχερσωμένη
484 1775 535 1836 ην.
574 1740 632 1818 ὅτε
655 1743 726 1820 δι’
705 1743 905 1836 απεοτράφη
920 1744 984 1818 τὸν
997 1740 1126 1834 Ἰσραὴλ
1141 1750 1198 1815 καί
1211 1748 1331 1832 γέγονε
1344 1771 1396 1832 τῳ
1379 1737 1539 1831 ’Ἰσραὴλ

231 1848 387 1935 ἰκείνφ”
372 1873 493 1935 ερημος
513 1851 570 1918 καί
591 1853 634 1936 γῆ
655 1851 896 1937 κεχερσωμένη,
919 1841 999 1916 τότε
1014 1840 1154 1933 ἐξεχύθη
1171 1838 1301 1932 ήχάρις
1314 1846 1371 1913 ἰπὶ
1386 1870 1429 1912 τα
1415 1839 1540 1929 ἔθνη,

231 1953 288 2016 καί
313 1949 432 2033 γέγονε
457 1951 520 2016 νῦν
547 1941 626 2035 ἡμῖν
648 1945 796 2036 Χριστὸς
816 1941 939 2035 Ιησοῦς
966 1939 1029 2015 οἰκ
1055 1947 1177 2033 ἔρημος
1199 1939 1286 2014 ἀλλὰ
1307 1938 1454 2032 πλήρης,
1484 1944 1541 2011 καὶ

181 2055 214 2108 15
233 2040 274 2114 06
303 2049 345 2133 γῆ
374 2051 605 2166 κεχερσωμένή
636 2041 724 2119 ἀλλὰ
748 2050 1028 2134 καρποφοροῦσα·
1059 2041 1208 2114 »πολλὰι
1226 2045 1238 2132 ΙΙ
1255 2040 1318 2131 γὰρ
1347 2039 1408 2112 »τὰ
1437 2045 1541 2111 τέκνα
1559 2058 1608 2112 141

232 2171 294 2232 της
302 2140 604 2233 ἐρημουμαλλον
581 2173 602 2234 η
619 2152 681 2235 τής
695 2142 883 2236 ἐχούσης
847 2173 911 2217 τον
925 2143 1061 2233 ἄνδρα(1
1083 2148 1139 2214 καί
1154 2139 1286 2214 ἀπειλεῖ
1298 2137 1423 2226 αὐτοῖς,
1434 2136 1542 2223 οἰς’
1501 2169 1541 2211 ου

231 2248 369 2331 γέγονεν
390 2245 512 2333 ἔρημος
533 2241 674 2316 οὗδὲ”
632 2273 674 2336 γη
696 2252 932 2336 κεχερσωμένη,
954 2249 1078 2333 λέγων·
1101 2242 1229 2363 ἰγοδὲ
1189 2269 1212 2329 μ
1231 2269 1251 2310 ν
1271 2268 1314 2312 ov
1303 2236 1450 2330 ’γέγονα
1464 2236 1542 2329 δμῑν

235 2344 393 2432 ἔρημος(
418 2340 497 2416 οὐδὲ
521 2351 581 2434 »γή
602 2349 865 2434 κεχερσωμένηι,
886 2341 977 2434 ὑμεῖς
1000 2348 1036 2415 δὲ
1058 2338 1223 2432 εἰρήκατε
1248 2367 1307 2411 »ου
1298 2335 1541 2462 ’κυριευθήσό

232 2453 335 2533 μεδα,
367 2441 427 2531 οὐχ
452 2438 576 2533 ἥξομεν
600 2440 688 2534 πρός
714 2466 750 2515 σε
777 2445 857 2515 ἔτει.
894 2435 959 2529 ἆρα
980 2440 1151 2532 εἰρήκασιν
1173 2441 1206 2512 οἰ
1226 2441 1293 2512 υἰοὶ
1280 2435 1480 2529 ὶἸσραήλ’
1459 2467 1539 2510 οπο·

181 2558 216 2614 20
233 2549 447 2632 νενοημένως
468 2542 556 2615 κατὰ
578 2542 643 2634 τὴν
665 2549 768 2630 λέξιν·
805 2539 864 2614 »06
884 2537 1197 2631 κοριευθησόμεδαι
1221 2593 1540 2611 ...............

317 3326 366 3383 41.
385 3326 450 3398 Vgl.
461 3328 545 3384 Hebr.
557 3329 582 3394 5,
595 3332 636 3385 14.
654 3357 688 3368 -
707 3328 744 3384 15
765 3326 819 3382 δεε.
831 3328 899 3392 54,1
920 3325 993 3396 (Gal.
1004 3327 1029 3388 4,
1041 3325 1093 3394 27).

317 3493 428 3552 4κατδι
447 3494 479 3552 τδ
499 3497 590 3568 σῶμα]
608 3497 663 3552 fast
680 3495 845 3552 unleserlich
863 3496 930 3567 (vgl.
949 3494 1056 3549 TUNE*
1069 3497 1093 3562 1,
1105 3495 1130 3561 3,
1142 3495 1176 3550 16
1193 3497 1274 3550 Anm.
1285 3493 1390 3563 6618,
1407 3493 1542 3564 bestitigt

232 3579 318 3634 durch
336 3581 367 3636 0:
386 3577 417 3636 έν
435 3587 475 3654 τῷ
494 3587 645 3655 σωματικῷ
660 3581 700 3652 15
719 3575 805 3652 ἔχειὸ
825 3582 830 3650 Ι
852 3581 891 3637 10
909 3577 995 3645 αὐτὸς
1012 3578 1032 3634 G
1051 3575 1147 3644 αὐτοῖς
1164 3579 1182 3634 S
1201 3579 1207 3649 Ι
1226 3579 1267 3634 20
1284 3577 1541 3652 κνριεοδησδμεδα.

232 3659 329 3733 ὁμιλία
347 3661 378 3736 γ’
395 3667 421 3721 S.
457 3665 525 3720 Dass
550 3666 595 3721 die
611 3667 732 3722 Homilie
750 3665 940 3722 vemtflmmelt
956 3663 1004 3729 iet,
1025 3663 1141 3718 beweisb
1158 3663 1297 3733 abgesehn
1314 3680 1370 3718 von
1387 3663 1436 3718 der
1453 3663 1543 3718 Kfirze

232 3748 281 3804 das
303 3749 453 3821 plotzliohe
469 3750 634 3807 Abbroohen
656 3751 713 3807 und
734 3752 784 3805 das
800 3751 904 3806 Fehlen
926 3749 974 3804 der
996 3747 1264 3818 Sohlussdoxologia
1303 3748 1336 3802 In
1353 3747 1374 3800 O
1391 3747 1483 3818 Frgm.
1500 3748 1541 3814 66

231 3833 304 3904 folgt
325 3835 375 3889 aus
393 3829 484 3909 ἄνδρα
506 3836 546 3904 (Ζ.
561 3836 604 3905 16)
622 3838 705 3892 noch:
734 3837 825 3906 Φησίν
848 3827 936 3891 οὖνέ
922 3831 1121 3907 έντρετιτικῶς·
1146 3834 1186 3902 μή
1208 3839 1269 3898 τοῖς
1290 3827 1418 3897 εἰδώλοις
1434 3827 1542 3901 δμοίως

231 3914 371 3988 ἀνόνητος
392 3917 488 3986 αὐτοῖς
509 3921 628 3990 γέγονα,
656 3912 690 3976 οὗ
710 3919 794 3992 χάριν
816 3921 866 3988 τὴν
891 3915 999 3988 έ’μὴν
983 3936 1024 3974 αττ
1025 3919 1147 3990 έδρασαν
1169 3918 1349 3982 δεσποτείαν;
1376 3917 1470 3972 καίτοι
1492 3917 1543 3971 καὶ

232 3998 408 4069 ἀποστάντες
430 4001 502 4075 ἐμοῦ
518 4004 629 4074 κόσμον
646 4007 696 4060 καί
713 4004 795 4075 δόξης
812 3999 962 4068 δακοῦς’
946 4021 1036 4060 απεοτ
1037 3999 1155 4075 έ·ρησαν
1177 4001 1246 4068 δόξα
1264 3999 1320 4075 γὰρ
1338 3995 1486 4066 αἰώνιος
1471 3997 1541 4070 νπὲρ

230 4091 357 4156 κεφαλῆς
372 4095 430 4144 τῶν
442 4089 737 4146 δαιαίαν.1)οοΙιΙιεί
753 4089 810 4144 dies
821 4087 1003 4144 bodonkliohe
1015 4073 1198 4142 Ahnliohkoit
1208 4085 1260 4141 mit
1270 4085 1425 4141 'I'heodoret
1437 4085 1540 4140 comm.

230 4172 260 4225 in
278 4171 411 4242 serem,
424 4177 456 4230 31
474 4175 606 4243 MPG81,
619 4175 682 4230 513:
700 4172 864 4246 Εἰροινικῶς
880 4179 968 4228 ταῦτα
985 4169 1069 4243 λέγει.
1094 4163 1170 4244 Ἆρα,
1188 4173 1263 4241 φησί,
1281 4173 1320 4242 μὴ
1337 4177 1398 4236 τοῖς
1415 4165 1542 4233 εἰδώλοις

231 4253 290 4324 εἰμί
307 4251 545 4330 παραπλήσιος
530 4277 586 4332 αρα
604 4260 643 4328 μὴ
662 4254 770 4328 δμοίως
787 4255 905 4322 ἐκείνοις
923 4253 1023 4312 οὐδένα
1042 4252 1138 4322 αὐτοῖς
1154 4253 1267 4328 καρπὸν
1279 4252 1393 4326 ἀγαθὸν
1405 4253 1541 4326 προσενή-

232 4358 317 4410 νοχα,
333 4343 382 4396 καί
399 4339 444 4398 διὰ
462 4349 546 4398 τοῦτο
565 4343 615 4411 τήν
634 4339 704 4412 ἐμήν
721 4342 851 4398 δουλείαν
869 4338 1044 4414 ἀπέδρασαν;

779 4544 990 4556 -nb—-fi
