3694 5542
323 465 381 528 160
764 455 903 526 Origenes’
921 454 1181 511 Jeremiahomilien.

404 626 469 690 Καὶ
484 625 627 692 τοιαῦτα
641 618 753 690 πολλὰ
769 613 877 707 εύροις
893 615 968 707 (av)
979 615 1185 709 άνθρωπικὰ
1199 623 1237 689 ἐν
1252 625 1295 707 τῇ
1310 625 1432 709 γραφῇ,
1449 616 1497 702 ούς
1511 629 1567 693 καί
1582 624 1625 697 τὸ

324 717 491 808 »λάλησον
528 739 599 802 τοῖς
629 723 714 800 υἱοῖς
743 714 882 808 Ἰσραήλ·
918 721 1000 802 ἴσως
1031 713 1236 789 άκούσονται
1265 726 1320 789 καλ
1351 717 1624 812 μετανοήσουσιι.

320 826 424 890 τοῦτο
447 815 507 908 ούχ
530 817 594 908 (οῦς
609 816 793 906 διστάζων>
813 813 832 889 ὁ
849 814 929 900 θεὸς
945 821 1054 908 εἴρηκε
1070 815 1111 888 τὸ
1130 821 1228 899 »ἴσως
1243 814 1480 891 α’κούσονταιι·
1503 819 1544 894 ού
1561 823 1626 914 γάρ

318 917 462 1005 διστάζει
485 914 504 990 o‘
525 914 620 1002 θεός,
649 921 705 988 ἵνα
731 923 809 1006 λέγῃ
838 915 878 987 τὸ
903 921 1002 998 »ἴσως
1024 913 1229 989 άκούσονται
1249 923 1304 988 καί
1326 917 1623 1010 μετανοήσουσινι,

284 1032 300 1085 5
319 1015 392 1090 ἀλλ’
409 1023 464 1089 ἵνα
478 1023 533 1090 ἐπὶ
548 1013 640 1090 πολύ
655 1014 786 1108 ἐμφήνῃ
802 1041 863 1088 σου
878 1014 919 1088 τὸ
935 1014 1152 1103 αὐτεξούσιον
1166 1023 1222 1086 καὶ
1236 1017 1281 1107 μή
1297 1021 1403 1104 εἴπῃς·
1423 1025 1453 1089 εί
1466 1027 1624 1109 προέγνω

316 1146 357 1206 με
379 1113 617 1207 ἀπολλύμενον
638 1113 830 1190 ἀπολέσθαι
843 1145 883 1205 με
898 1121 956 1200 δεῖ,
979 1120 1008 1188 εἴ
1021 1121 1179 1206 προέγνω
1194 1145 1234 1206 με
1249 1115 1495 1206 σωθησόμενον
1509 1121 1624 1212 σωθή-

317 1228 435 1287 σεσθαι
460 1213 603 1299 πάντως
628 1246 668 1307 με
692 1215 764 1307 χρή.
812 1213 852 1288 ού
877 1235 1114 1306 προσποιεῖται
1140 1207 1203 1286 οῦν
1228 1214 1270 1286 τὸ
1296 1223 1373 1302 περί
1400 1225 1463 1289 τοῦ
1488 1223 1543 1290 ἐπὶ
1570 1229 1623 1293 σοὶ

317 1323 504 1406 μέλλοντος
527 1321 656 1402 εἰδέναι,
680 1321 735 1386 ἵνα
749 1313 878 1407 τηρήσῃ
894 1339 955 1387 σου
970 1313 1011 1386 τὸ
1028 1310 1245 1400 αὐτεξούσιον
1259 1323 1311 1407 τῷ
1326 1316 1371 1406 μή
1380 1327 1624 1410 προειληφέναι

317 1421 397 1506 μηδὲ
419 1422 687 1505 προεγνωκέναι,
710 1412 862 1506 πότερον
882 1412 1099 1504 μετανοήσας
1120 1410 1142 1504 ἢ
1163 1411 1216 1504 μή.
1264 1422 1319 1486 καὶ
1341 1423 1429 1506 λέγει
1450 1416 1537 1509 πρὸς
1559 1419 1625 1491 τὸν

266 1525 298 1580 10
316 1511 512 1605 προφήτην·
539 1513 721 1606 ελάλησον,
744 1519 826 1597 ἴσως
846 1511 1120 1604 μετανοήσουσιι.
1163 1521 1306 1586 τοιαῦτα
1327 1513 1390 1606 γάρ
1412 1515 1500 1589 άλλα
1521 1528 1622 1609 μυρία

316 1611 464 1705 εύρήσεις
496 1611 659 1706 λεγόμενα
688 1623 765 1706 περὶ
797 1620 860 1686 τοῦ
890 1621 974 1686 θεοῦ
1000 1607 1306 1704 τροποφοροῦντος
1332 1613 1397 1686 τὸν
1422 1615 1621 1707 ἄνθρωπον.

316 1715 376 1787 ἐὰν
398 1709 542 1803 ἀκούσῃς
563 1715 676 1804 θυμὸν
697 1723 781 1786 θεοῦ
801 1722 858 1786 καὶ
879 1709 984 1804 ὀργήν
1006 1710 1125 1797 αύτοῦ,
1152 1712 1197 1803 μή
1219 1709 1331 1804 νόμιζε
1354 1714 1418 1805 τήν
1439 1710 1545 1807 ὀργήν
1566 1725 1621 1788 καὶ

315 1812 378 1886 τὸν
404 1813 517 1906 θυμὸν
543 1812 640 1906 πάθη
666 1816 750 1886 εἶναι
777 1820 868 1886 θεοῦ.
917 1817 1106 1903 οἰκονομίαι
1129 1810 1281 1902 χρήσεως
1304 1813 1431 1901 λέξεων
1452 1821 1514 1887 είσι
1534 1814 1623 1906 πρὸς

315 1913 356 1986 τὸ
388 1913 461 2003 (τὸ)
492 1919 616 2004 βρέφος
646 1919 846 2004 ἐπιστρέψαι
875 1920 929 1983 καὶ
960 1919 1204 2002 βελτιωθήναι·
1240 1917 1312 1986 ἐπεί
1341 1921 1397 1984 καὶ
1426 1911 1518 2006 ἡμεῖς
1547 1935 1620 1999 τοῖς

264 2024 297 2078 15
314 2019 460 2096 παιδίοις
478 2012 670 2103 πρόσωπον
684 2022 848 2104 ποιοῦμεν
869 2010 930 2086 ούκ
945 2008 1012 2085 άπὸ
1029 2019 1213 2095 διαθέσεως
1229 2007 1316 2084 άλλά
1330 2009 1406 2085 κατ’
1423 2019 1622 2105 οἰκονομίαν

314 2108 472 2204 φοβερόν.
510 2112 569 2184 ἐὰν
592 2111 793 2204 τηρήσωμεν
814 2111 855 2184 τὸ
878 2116 980 2186 ἵλεων
1002 2118 1063 2203 τής
1084 2117 1193 2201 ψυχῆς
1214 2110 1301 2202 πρὸς
1323 2110 1364 2184 τὸ
1379 2119 1503 2204 βρέφος
1516 2118 1554 2185 ἐν
1568 2121 1619 2205 τῷ

313 2212 491 2303 προσώπῳ
517 2209 631 2303 ήμῶν,
655 2220 710 2283 καὶ
737 2212 803 2302 τήν
825 2218 1070 2302 φιλοστοργίαν
1095 2208 1139 2300 ήν
1161 2215 1279 2301 ἔχομεν
1300 2209 1386 2302 πρὸς
1409 2209 1494 2284 αύτὸ
1516 2211 1621 2304 ἐμφή-

228 2324 297 2380 3031
315 2339 437 2400 νωμεν,
459 2310 503 2402 μή
526 2318 790 2402 διαστρέφοντες
813 2312 953 2394 ἑαυτούς
967 2317 1049 2402 μηδὲ
1064 2316 1168 2384 οἱονεί
1183 2309 1439 2402 μεταβαλύνήτες
1453 2311 1540 2403 πρὸς
1554 2314 1620 2404 τήν

313 2415 442 2482 ἐκείνου
464 2409 685 2503 ἐπιστροφήν,
702 2407 900 2501 άπὸλλυμεν
915 2407 999 2482 αύτὸ
1020 2419 1077 2483 καί
1094 2428 1208 2502 χεῖρον
1223 2419 1394 2502 ποιοῦμεν.
1430 2406 1542 2494 ούτως
1557 2405 1619 2485 οὖν

262 2503 332 2583 2ού
355 2509 437 2594 θεὸς
458 2518 513 2581 καὶ
536 2507 727 2602 ὀργίζεσθαι
750 2515 881 2601 λέγεται
902 2517 958 2581 καὶ
979 2517 1174 2599 θυμοῦσθαί
1195 2537 1312 2601 φησιν,
1340 2515 1394 2582 ἴνα
1415 2513 1619 2602 ἐπιστρέψῃς

313 2617 368 2681 καὶ
390 2618 590 2699 βελτιωθής.
625 2617 679 2681 καὶ
703 2606 844 2700 ἀληθοῦς
866 2607 928 2682 ούκ
950 2604 1118 2700 ὀργίζεται
1140 2615 1201 2698 μὲν
1223 2607 1300 2682 ου’δέ
1321 2617 1500 2700 θυμοῦται·
1522 2614 1563 2683 σύ
1583 2617 1618 2682 δὲ

313 2717 411 2796 πείσῃ
434 2709 478 2781 τὰ
499 2716 560 2800 τῆς
582 2705 683 2800 ὀργῆς
704 2717 760 2780 καί
783 2709 825 2781 τὰ
847 2715 911 2781 τοῦ
931 2716 1052 2799 θυμοῦ,
1074 2707 1254 2800 γενόμενος
1276 2714 1313 2783 ἐν
1328 2709 1621 2802 δυσυπομονήτοις

313 2807 368 2880 διὰ
389 2809 454 2900 τήν
475 2817 597 2880 κακίαν
618 2808 750 2895 πόνοις,
772 2808 860 2880 ἐπὰν
880 2807 1021 2896 παιδεύῃ
1045 2816 1087 2897 τῇ
1110 2815 1271 2900 λεγομένῃ
1294 2804 1377 2900 ὀργῇ
1400 2817 1462 2882 τοῦ
1483 2817 1575 2883 θεοῦ.

395 2937 423 2997 7.
449 2921 542 3015 Ἑξῆς
563 2925 646 3016 μετὰ
669 2923 733 2997 τὸν
753 2932 830 3015 περὶ
853 2925 927 2997 τοῦν
948 2924 1009 2998 δύο
1030 2929 1150 2998 ἐθνῶν
1171 2923 1288 3015 λόγον,
1311 2933 1374 2998 τοῦ
1395 2933 1565 3017 προτέρου
1587 2917 1616 3018 ᾧ

260 3041 294 3096 25
312 3021 365 3113 <ή>
388 3020 510 3116 άπειλή
532 3030 673 3110 δίδοται,
699 3033 755 3096 καὶ
776 3030 840 3096 τοῦ
860 3029 1019 3114 δευτέρου
1043 3015 1071 3114 ᾧ
1097 3021 1116 3115 ή
1139 3029 1319 3115 ἐπαγγελία
1345 3030 1489 3110 δίδοται,
1515 3033 1619 3116 φησίν

311 3125 395 3210 (εἴτε
410 3121 573 3216 δηλονότι
594 3141 666 3208 τοῖς
686 3129 894 3216 προτέροις)·
920 3132 992 3195 »καὶ
1008 3130 1070 3196 νῦν
1085 3127 1184 3196 εἶπον
1202 3123 1288 3215 πρὸς
1303 3124 1429 3215 ἄνδρας
1444 3121 1547 3196 Ἰούδα
1560 3131 1615 3194 καὶ

395 3295 454 3352 111.
474 3295 536 3365 Vgl.
554 3295 584 3349 in
602 3295 669 3349 Gen.
687 3294 763 3350 Tom.
782 3296 798 3349 3
816 3293 931 3372 (Philae,
944 3293 984 3348 Ro
1002 3295 1059 3356 197,
1076 3294 1153 3362 8ff.):
1177 3286 1237 3350 ’Ότι
1252 3292 1351 3363 μέντοι
1368 3310 1402 3364 γε
1420 3293 1436 3364 ἡ
1455 3293 1617 3367 πρόγνωσις

309 3387 360 3436 τοῦ
377 3382 448 3435 θεοῦ
466 3377 519 3435 οὐκ
535 3376 663 3450 ἀνάγκην
681 3374 821 3448 ἐπιτίθησι
837 3385 897 3444 τοῖς
914 3379 979 3450 περί
997 3369 1038 3434 ὧν
1057 3379 1216 3449 κατείληφε,
1234 3377 1307 3451 πρὸς
1320 3387 1383 3444 τοῖς
1398 3377 1614 3451 προειρημένοις

308 3465 357 3518 καί
382 3471 466 3518 τοῦτο
495 3463 644 3530 λελέξεται,
671 3459 715 3520 δτι
741 3466 886 3533 πολλαχοῦ
908 3466 965 3518 τῶν
988 3469 1107 3535 γραφῶν
1130 3460 1146 3518 δ
1169 3461 1239 3530 θεὸς
1259 3461 1367 3519 κελεύει
1384 3462 1450 3529 τοὺς
1467 3465 1615 3535 προφήτας

308 3546 458 3618 κηρύσσειν
475 3546 638 3616 μετάνοιαν,
657 3545 692 3604 οὐ
709 3544 977 3620 προσποιησάμενος
993 3545 1026 3602 τὸ
1039 3545 1254 3617 προεγνωκέναι
1266 3547 1389 3620 πότερον
1402 3543 1430 3603 ολ
1442 3545 1617 3612 ἀκούσαντες

308 3627 527 3704 ἐπιστρέφουσιν
553 3630 571 3701 ἢ
596 3639 656 3697 τοῖς
682 3627 883 3703 ἁμαρτήμασιν
909 3626 1017 3687 ἑαυτῶν
1044 3627 1226 3700 ἐμμενοῦσιν·
1254 3624 1353 3703 ὥσπερ
1379 3628 1410 3688 έν
1435 3637 1475 3706 τῷ
1492 3624 1613 3706 Ἱερεμίᾳ

307 3713 429 3786 λέγεται·
452 3711 533 3782 ’ἴσως
558 3713 731 3772 ἀκούσονται
756 3718 805 3771 καί
830 3717 1062 3784 μετανοήσουσιν.
1098 3713 1132 3771 οἴ·
1154 3711 1210 3788 γάρ
1233 3713 1347 3787 ἀγνοῶν
1369 3713 1616 3786 δθεδςπότερον

308 3798 477 3857 ἀκούσουσιν
499 3795 573 3870 ήοῖ
597 3801 691 3872 φησίν·
711 3795 792 3866 ’ἴσως
810 3797 981 3856 ἀκούσονται
998 3803 1047 3856 καί
1063 3805 1300 3872 μετανοήσουσιν·
1327 3795 1388 3857 ἀλλ’
1405 3807 1492 3858 ..“...
1508 3796 1557 3857 ἵνα
1574 3803 1611 3869 μή

307 3883 577 3957 προκατηγγελμένη
595 3883 612 3954 ή
630 3884 791 3957 πρόγνωσις
808 3881 896 3940 αὐτοῦ
911 3893 1140 3956 προκαταπεσεῑν
1151 3888 1255 3956 ποιήσῃ
1267 3885 1332 3952 τοὺς
1344 3883 1510 3952 ἀκούοντας,
1528 3885 1617 3951 δόξαν

307 3967 433 4039 ἀνάγκης
460 3975 630 4042 παριστᾶσα,
657 3961 697 4035 ὥς
724 3967 777 4025 οέκ
802 3963 885 4036 ὄντος
911 3963 954 4025 ἐπ’
972 3967 1069 4036 αὐτοῖς
1091 3978 1142 4026 τοῦ
1165 3967 1333 4042 ἐπιστρέψαι
1349 3974 1408 4026 κτλ.
1426 3999 1459 4010 ·—
1478 3973 1495 4026 9.
1515 3971 1612 4026 Jerem.

306 4057 347 4122 33,
365 4056 389 4108 2.
408 4056 431 4109 3.
450 4084 481 4094 -
499 4054 557 4110 311.
576 4053 639 4123 Vgl.
657 4053 731 4110 Hier.
750 4053 853 4109 Oomm.
871 4055 934 4109 969:
952 4070 1008 4107 non
1026 4055 1099 4124 quod
1116 4055 1225 4124 ignoret
1243 4053 1314 4109 Deus
1332 4055 1385 4111 hoc
1403 4054 1446 4109 vel
1464 4053 1572 4109 illud..
1586 4093 1612 4107 ..

306 4139 354 4194 nod
371 4139 446 4210 quod
464 4139 588 4194 dimittat
605 4137 743 4193 hominem
762 4139 900 4192 voluntati
918 4155 989 4192 suae.
1002 4167 1035 4176 -
1049 4138 1101 4198 41.
1118 4139 1215 4194 Jerem.
1228 4140 1269 4206 33,
1282 4141 1306 4196 3.
1323 4171 1356 4179 -
1374 4140 1433 4196 511.
1451 4137 1515 4209 Vgl.
1529 4138 1612 4206 Chry·

306 4227 371 4279 sost.
391 4223 444 4293 (Gh
462 4225 496 4285 ΙΙ,
514 4223 583 4292 466).
601 4223 688 4278 -10
706 4220 770 4292 Vgl.
788 4222 887 4278 Jerem.
905 4225 947 4288 33,
965 4223 988 4277 2.
1007 4225 1031 4278 3.
1083 4213 1086 4223 ’

390 4373 408 4429 2
427 4391 617 4442 μετανοσονσι
630 4373 877 4443 θ*μετανοήσουσι
894 4373 976 4430 θωπ·
991 4375 996 4442 Ι
1012 4374 1031 4430 3
1048 4369 1088 4440 ὼς
1104 4372 1254 4444 διστάζων]
1274 4374 1328 4445 vgl.
1342 4375 1371 4442 0,
1384 4375 1414 4429 in
1427 4376 1494 4430 Gen.
1507 4375 1613 4431 Tom.3

305 4478 330 4514 u.
339 4457 412 4514 Hier.
424 4457 527 4514 Comm.
537 4459 587 4514 969
603 4459 607 4527 Ι
622 4455 741 4528 έμφήνῃ]
761 4459 817 4529 vgl.
830 4459 856 4512 Z.
871 4461 901 4513 17
919 4477 944 4514 u,
957 4459 982 4513 S.
994 4461 1051 4522 161,
1064 4462 1080 4515 6
1098 4455 1276 4534 έμφαίνωνθ
1293 4455 1405 4530 ἐμφανῆ
1422 4459 1440 4513 S
1455 4462 1459 4528 Ι
1475 4458 1609 4528 Βμέλλον

305 4543 382 4596 Blass
396 4545 401 4612 Ι
416 4548 455 4615 τῷ
469 4544 506 4600 Co
520 4542 553 4599 τὸ
575 4545 592 4598 S
608 4545 613 4613 Ι
629 4545 668 4600 10
685 4544 893 4612 μετανοήσουσι
909 4543 942 4596 S*
961 4545 1158 4613 μετανοήσωσι
1172 4543 1202 4597 S¹
1218 4545 1222 4612 Ι
1239 4543 1277 4600 13
1296 4541 1457 4612 οἰκονομίαι
1476 4545 1513 4599 Co
1532 4542 1609 4600 οἴκο-

305 4628 390 4696 νομία
408 4628 445 4697 81
462 4629 501 4685 14
514 4627 561 4685 113²
572 4627 616 4682 Gh
631 4632 636 4698 1
653 4628 691 4685 13
707 4623 775 4685 ἵλεω
794 4628 811 4683 S
826 4629 830 4696 Ι
848 4627 886 4684 13
903 4634 1000 4702 χεῖρον
1019 4628 1044 4683 V
1060 4628 1147 4700 χείρω
1165 4627 1206 4684 S„
