3694 5542
435 485 486 541 Dio
503 485 710 555 selbsfflndigen
725 485 890 556 Fragmenta
908 501 956 538 aus
974 483 1022 539 der
1039 483 1303 555 Prophetenkatene.
1457 488 1518 550 217

217 655 342 740 λιλεξίᾳ
371 647 582 738 κεκόσμηται,
616 655 666 740 τῷ
695 653 755 736 τῆς
783 645 937 734 φράσεως
963 643 1163 733 δελεάζοντα
1184 643 1300 717 κάλλει
1321 651 1377 716 καί
1399 653 1442 734 τῇ
1463 672 1518 733 με·

215 745 313 836 θόδῳ
338 755 380 837 τῇ
402 756 542 838 τεχνικῇ.
578 754 634 818 καὶ
655 753 722 828 πᾶς
744 751 779 817 δὲ
800 745 946 835 ποιητὴς
968 745 1071 834 ἄκρος
1087 747 1170 816 εἰναι
1185 751 1300 816 δοκῶν
1320 741 1518 834 ποτήριον

216 854 388 936 χρυσοῦν
409 845 638 932 κατεσκεύασε,
665 844 871 936 δηλητήριον
893 847 1049 936 έμβαλῶν
1072 849 1364 934 εἰδωλολατρείας,
1388 848 1518 932 αἰσχρο-

216 954 346 1036 λογίας,
368 953 423 1018 καί
446 955 518 1019 τῶν
540 955 695 1035 ψυχικῶν
717 942 882 1018 ἀπάντων
904 953 1029 1016 κακῶν.
1072 939 1091 1016 ό
1114 950 1149 1016 δὲ
1169 939 1292 1034 Ἰησοῦς
1313 941 1354 1014 οό
1373 948 1519 1031 χρυσοῦ

182 1061 198 1114 5
215 1055 414 1136 ποτηρίου
434 1043 679 1137 προενοήσατο,
701 1043 834 1135 μήποτε
848 1051 903 1116 καὶ
919 1041 999 1130 δόξη
1014 1049 1133 1133 ἐκείνῳ
1150 1037 1269 1132 όμοιον
1285 1045 1369 1115 εἰναι
1389 1040 1518 1132 (διόπερ

218 1149 353 1236 »ἔχομεν
382 1148 446 1219 τὸν
475 1144 649 1236 θησαυρόν
679 1151 805 1217 τοῦτον
827 1149 864 1216 ἐν
890 1140 1104 1234 ὀστρακίνοις
1126 1141 1321 1231 σκεόεσινι),
1349 1139 1436 1215 ἀλλά
1458 1148 1520 1232 τῆς

215 1250 252 1317 έν
286 1242 379 1337 αὐτῷ
421 1254 598 1335 σωτηρίας.
645 1243 686 1317 τό
727 1249 762 1315 δὲ
796 1251 967 1333 χρυσοῦν
1001 1241 1212 1334 ποτήριον,
1249 1239 1269 1332 ἡ
1307 1241 1517 1328 Βαβυλῶν,

216 1341 301 1417 όταν
328 1350 381 1418 ἰπὶ
404 1346 469 1436 τὴν
489 1349 658 1433 ἐκδίκησιν
680 1347 774 1432 ἔλθη,
797 1348 834 1415 έν
854 1350 955 1432 χειρὶ
977 1351 1120 1433 κυζρίου
1141 1350 1278 1432 γίνεται,
1301 1350 1343 1430 τῇ
1365 1337 1519 1430 ἁψαμένη

213 1452 300 1516 ποτὲ
322 1451 385 1516 τοῦ
405 1441 489 1530 Ἰῶβ,
512 1443 714 1534 μεθάσκον
740 1449 870 1516 πᾶσαν
892 1444 965 1532 τήν
993 1450 1065 1534 γῆν
1086 1438 1155 1514 άπὸ
1178 1435 1288 1531 ὀργῆς,
1310 1437 1379 1513 ἀπὸ
1401 1438 1518 1528 λύπης,

165 1559 198 1613 10
215 1543 366 1630 έρῶτων,
402 1550 594 1631 κενοδοξίας
629 1536 711 1632 (όσα-
740 1541 802 1632 γάρ
839 1538 1075 1633 ἁμαρτήματα,
1111 1547 1274 1614 τοσαῦται
1308 1546 1364 1612 καὶ
1394 1543 1518 1629 μέθαι),

213 1641 370 1732 καθάπερ
401 1649 441 1730 ἐξ
470 1648 584 1715 οἰνου
613 1639 780 1714 πάντων
810 1648 1092 1729 σαλευομένων
1121 1646 1177 1711 καί
1202 1647 1338 1726 βέβαιον
1365 1636 1517 1728 έχόντων

215 1739 322 1816 ου’δέν.
339 1737 377 1834 Ιὁ
400 1749 435 1814 δὲ
457 1749 584 1825 δίκαιος
606 1737 668 1815 οόκ
689 1745 759 1812 ἔστι
780 1748 838 1832 γῆ’
868 1733 919 1812 ῶν
941 1740 1003 1830 γάρ
1019 1745 1074 1812 έπί
1088 1745 1158 1830 γῆς,
1181 1741 1246 1828 ἔχει
1266 1744 1316 1811 ’έν
1330 1735 1487 1827 οὐρανοῖς
1508 1743 1518 1827 ΙΙ
1539 1743 1591 1798 318

215 1938 290 2014 ἀλλ’
310 1946 347 2013 έκ
369 1949 443 2013 τῶν
465 1939 622 2014 εἰκότων·
652 1938 795 2031 οὐρανός
816 1943 849 2012 εἰ
866 1947 922 2011 καί
944 1946 990 2022 εἰς
1013 1936 1179 2028 οάρανούς
1198 1935 1379 2026 άπελεόση,
1402 1955 1518 2027 φορεῖς

164 2063 196 2116 15
215 2041 277 2131 γὰρ
298 2041 374 2131 »τήν
396 2038 509 2113 εἰκόνα
532 2047 595 2114 τοῦ
616 2043 840 2129 ὲπουρανίουε,
861 2047 917 2112 καὶ
939 2037 1062 2129 πάχιος
1084 2039 1232 2128 ἕστηκας.

553 2293 609 2361 Nr.
630 2293 789 2360 XXXVII.
831 2295 945 2360 Jerem
961 2297 1009 2372 28,
1025 2297 1135 2360 8-10.

296 2462 381 2547 (114)
412 2463 455 2528 Εἰ
485 2463 520 2528 δὲ
543 2457 712 2542 Βαβυλῶν
742 2451 804 2526 οόκ
833 2451 1049 2544 ἀπέγνωσται
1080 2449 1133 2542 Ιοά
1162 2451 1225 2544 γάρ
1253 2451 1295 2524 ἀν
1321 2457 1446 2543 ἔλεγεν·
1484 2458 1520 2524 εἰ

214 2585 297 2641 πως
332 2554 576 2649 ἰαθήσεται),
612 2563 715 2627 ποίαν
745 2554 856 2644 ψυχήν
887 2555 1005 2642 ἑτέραν
1035 2550 1322 2643 ἀπογνωσόμεθα;
1358 2555 1386 2623 εἰ
1411 2559 1446 2623 δέ
1472 2553 1516 2644 μὴ

117 2691 119 2696 ·
215 2663 389 2740 σέσωσται,
411 2663 516 2727 τοῦτο
539 2661 655 2742 γέγονε
676 2649 756 2742 παρ’
771 2649 887 2744 αότήν,
910 2650 958 2736 ῶς
973 2653 1054 2737 τούς
1069 2651 1226 2742 ἀρίστους
1240 2652 1376 2740 ίατροός
1391 2648 1517 2724 ἀπολο-

163 2772 197 2828 20
214 2764 347 2842 χεῖσθαι
367 2761 422 2824 καὶ
445 2760 567 2842 λέγειν·
591 2751 857 2842 ἰατρεόσαμεν
879 2750 952 2843 τήν
974 2760 1210 2838 Βαβυλῶνα,
1231 2762 1297 2824 καὶ
1318 2747 1389 2822 οὐκ
1409 2749 1516 2842 ἰάθη·

214 2857 570 2943 έχκαταλείκωμεν
606 2849 739 2942 αάτήν.
788 2849 829 2924 οὔ
858 2848 936 2938 παρ’
960 2849 1084 2935 ου’τούς
1112 2850 1190 2942 γάρ,
1221 2849 1299 2925 οὐδὲ
1329 2850 1421 2940 παρά
1453 2851 1518 2942 τήν

213 2953 369 3043 ἰατρικὴν
404 2949 481 3026 οὐδὲ
516 2951 607 3040 παρὰ
643 2953 707 3043 τήν
743 2953 911 3041 ῥητίνην
948 2949 989 3022 τό
1019 2951 1064 3040 μή
1101 2951 1231 3042 ταύτην
1259 2948 1517 3040 θεραπεύεσθαι.

213 3058 324 3142 ἰατροὶ
350 3056 386 3124 δέ
408 3053 555 3143 ἄγγελοί,
578 3048 645 3124 άπὸ
672 3050 735 3124 τόν
757 3058 863 3141 μέγαν
885 3043 982 3135 ὄντες
1007 3051 1126 3139 ἰατρόν
1150 3051 1213 3123 τόν
1234 3048 1320 3123 θεὸν
1341 3056 1396 3122 καὶ
1418 3060 1514 3139 θερα-

212 3159 332 3224 πεῦσαι
358 3152 438 3236 τούς
463 3158 687 3242 πειθομένους
712 3154 902 3234 ἐθέλοντες.
943 3156 972 3223 εἰ
993 3156 1030 3221 δὲ
1050 3149 1109 3242 μή,
1137 3155 1282 3240 ἐροῦσιν·
1308 3154 1516 3238 ἐγκαταλί-

161 3269 349 3343 25πωμεν
379 3249 522 3342 αότήν,
553 3246 793 3340 ἀπέλθωμεν
829 3251 997 3334 ἕκαστος
1028 3257 1082 3334 εἰς
1109 3251 1183 3341 τὴν
1209 3256 1283 3341 γῆν
1309 3247 1435 3322 αάτοῦ
1460 3255 1516 3321 καὶ

212 3350 275 3423 τόν
300 3357 426 3424 οἰκεῖον
452 3347 563 3423 τόπον
587 3358 643 3422 καὶ
671 3350 736 3440 τήν
758 3357 885 3423 οἰκείαν
907 3357 1041 3440 πρᾶξιν,
1073 3343 1138 3422 ότι
1164 3345 1325 3440 ἤγγικεν
1355 3355 1412 3432 εἰς
1443 3347 1517 3421 τόν

211 3447 386 3541 οὐρανόν
413 3449 458 3523 τό
484 3459 604 3542 κρίμα
631 3447 766 3541 αὐτῆς,
792 3447 1077 3532 καταδικάσαντας
1098 3445 1206 3538 αάτήν
1228 3447 1276 3533 ῶς
1296 3445 1440 3521 ἀνίατον
1460 3455 1515 3520 καὶ

191 3557 412 3640 ,πεισομένην
439 3549 481 3622 τά
515 3555 575 3640 τῆς
601 3545 839 3638 ἀπογνώσεως.
879 3556 934 3621 καί
965 3553 997 3620 οἱ
1026 3556 1099 3622 τῶν
1127 3546 1297 3639 σωμάτων
1319 3547 1381 3637 γάρ
1403 3552 1517 3636 ἰατροὶ

211 3650 293 3731 τοὺς
320 3646 480 3733 ἀνιάτους
509 3653 800 3738 έγκαταλείπουσι,
837 3645 959 3738 μήπως
988 3653 1026 3720 έν
1054 3665 1126 3732 ταῖς
1154 3644 1271 3720 αὐτῶν
1294 3654 1384 3738 χερσί
1405 3657 1516 3719 τελευ·
1601 3655 1604 3662 ’

160 3764 194 3820 30
211 3745 370 3838 τήσωσιν·
390 3741 410 3819 ό
433 3749 474 3840 δή
495 3754 653 3820 ποιοῦσιν
675 3751 708 3820 οί
730 3747 874 3838 άγγελοι.
910 3741 981 3836 όσῳ
1003 3752 1039 3818 δέ
1060 3743 1307 3838 άμαρτάνομεν,
1330 3747 1377 3820 τὸ
1397 3754 1516 3836 κρίμα

212 3843 308 3937 ήμῶν
335 3840 438 3934 αὔξει,
465 3853 521 3919 καί
552 3851 701 3935 ἐξαίρει
732 3848 804 3930 έως
834 3856 917 3921 τῶν
947 3846 1121 3936 ἄστρων,
1153 3853 1227 3918 τῶν
1249 3842 1357 3936 άγίων
1378 3843 1515 3936 δηλαδή.

294 4051 313 4106 ε
335 4049 442 4106 IIKor.
460 4055 485 4116 ι,
504 4054 526 4105 ι.
554 4081 587 4091 -
614 4051 634 4107 ο
658 4049 719 4120 vgl.
737 4050 810 4106 εσσε
828 4051 853 4114 ι,
870 4053 894 4107 ε.
915 4080 949 4090 -
974 4051 1011 4106 ιε
1039 4048 1103 4119 vgl.
1121 4051 1193 4105 Phil.
1212 4053 1241 4118 3,
1259 4052 1300 4107 ιο.
1323 4078 1355 4090 -
1381 4049 1420 4105 ιι
1448 4049 1514 4104 εει.

209 4137 233 4200 3,
254 4137 292 4190 19.
313 4164 346 4173 -
365 4134 403 4190 ιε
422 4133 485 4206 Vgl.
503 4135 592 4191 1xor.
610 4139 650 4199 ιι,
668 4137 710 4192 49.
726 4131 730 4140 ’

294 4302 314 4357 δ
336 4299 582 4373 αἰσχρολολοχίαις
600 4319 615 4356 ο
629 4303 634 4370 Ι
650 4302 669 4356 4
691 4303 806 4374 χρυσίου
823 4320 841 4357 ο
855 4303 859 4370 Ι
875 4303 895 4359 θ
916 4297 995 4372 ἀπὸί]
1008 4309 1041 4366 -Ι-
1054 4308 1102 4371 τῆς
1119 4319 1135 4357 ο
1155 4304 1159 4370 Ι
1181 4303 1216 4358 10
1232 4301 1290 4370 καί]
1303 4309 1364 4360 <ο
1380 4301 1384 4366 Ι
1401 4297 1440 4355 14
1457 4304 1515 4355 τῶν

208 4381 336 4456 εἰκότων]
354 4391 411 4442 τῶν
423 4383 560 4442 έναντίων
578 4387 734 4442 Koetsehau
749 4386 753 4454 Ι
769 4388 806 4443 11
814 4387 847 4447 fl.
861 4387 924 4457 Vgl.
933 4388 1014 4444 Hom.
1024 4387 1064 4450 22,
1075 4387 1108 4441 12
1120 4411 1151 4430 -
1164 4386 1212 4441 lat
1222 4387 1256 4448 11,
1267 4387 1299 4441 12
1317 4383 1365 4451 (Lo
1380 4387 1419 4449 15,
1431 4383 1513 4440 415ff.

207 4471 281 4526 MPL
299 4469 383 4534 XXV,
402 4471 506 4540 605f.)1
527 4472 562 4528 11
582 4468 627 4540 El]
645 4470 662 4540 η
681 4487 696 4524 ο
715 4472 719 4539 Ι
741 4472 776 4527 111
793 4468 880 4540 αἰπήν
897 4471 977 4526 Βίαεε
995 4469 1066 4540 αὐτῇ
1083 4487 1119 4525 σο
1139 4473 1143 4539 Ι
1164 4471 1203 4527 22
1225 4469 1259 4526 τδ
1276 4469 1325 4538 μή]
1346 4465 1436 4536 τόυμΙ
1455 4467 1512 4538 [εἰσ]

208 4557 241 4624 οΙ
262 4558 476 4628 θεραπευθῆναι
494 4556 586 4622 0124
604 4553 836 4625 ἐγκαταλίπωμεν
855 4555 915 4612 cod.
928 4554 992 4611 Vat.
1005 4573 1045 4624 gr.
1059 4557 1167 4622 1153154
1185 4551 1434 4625 ἐγκαταλείπομεν
1453 4568 1489 4606 co
1508 4557 1511 4621 ζ

208 4640 246 4696 25
264 4636 455 4708 ἀπέλθοξμεν
473 4640 561 4707 ε127
579 4637 773 4696 καταδικάσαν
790 4657 807 4694 ο
824 4659 857 4694 w.
872 4657 894 4695 ε.
907 4641 962 4694 seh.
978 4641 983 4710 Ι
998 4640 1038 4696 110
1056 4635 1124 4713 ὅσῳ]
1142 4633 1227 4696 δσαο
1246 4640 1249 4706 Ι
1269 4639 1305 4695 81
1327 4631 1397 4706 αὔξη
1414 4654 1439 4692 ο.
