3694 5542
343 498 403 561 180
798 490 937 560 Origenoe’
954 490 1215 548 Jereminhomilien.

293 723 295 727 .
340 649 428 725 άλλά
456 650 674 742 πλεονασμόν
704 659 843 743 ποιήσαι
872 659 946 724 τῶν
975 652 1191 744 μαθημάτων
1219 645 1271 722 τόν
1298 649 1460 741 λαμβάνω
1488 646 1556 723 άπό
1585 657 1648 723 τοῦ

339 748 590 840 παραδιδόντος
611 758 667 822 καὶ
688 758 877 842 δυναμένου
894 760 1106 844 παραδοῦναι
1126 752 1279 876 χρήσιμα.
1320 745 1456 841 εὔχομαι
1479 752 1543 842 τὴν
1558 757 1647 839 μνᾶν

341 857 408 924 εἴτε
439 848 691 940 edam-mov*
661 879 728 923 ειτε
754 848 952 924 ἀποστόλου
978 857 1046 924 είτε
1071 851 1254 944 προφήτου
1281 856 1349 923 είτε
1375 849 1482 941 νόμου
1508 857 1646 942 ποιήσαι

339 958 629 1024 πολλαπλασίονα.
677 946 772 1022 ταῦτ’
800 943 863 1023 οῦν
897 946 1043 1034 άκούσας
1078 949 1249 1025 ἐσκόπουν
1284 946 1359 1022 κατ’
1374 949 1535 1070 ’ἐμαυτόν
1569 956 1645 1072 περὶ

304 1057 402 1122 στοῦ
430 1045 626 1140 »ἡπάτησάς
646 1079 695 1140 με,
717 1048 820 1140 κύριε,
841 1057 897 1121 καί
912 1055 924 1140 ΙΙ
940 1047 1152 1142 ἦπατήθηνι.
1194 1057 1250 1122 καὶ
1271 1055 1415 1123 σκοπῶν
1437 1042 1574 1138 εὔχομαι
1595 1044 1645 1119 εδ
1667 1061 1717 1118 265

339 1156 466 1238 ρίσκειν
496 1178 531 1221 τι
557 1156 603 1232 είς
630 1149 695 1222 τὸν
720 1147 833 1222 τόπον
858 1146 991 1240 άληθές.
1033 1146 1167 1240 μήποτε
1193 1141 1265 1234 οῦν,
1288 1145 1337 1232 ως
1362 1148 1476 1239 πατὴρ
1498 1147 1574 1220 υίόν
1595 1151 1646 1220 ἔτι

340 1246 466 1372 νήπιον
488 1242 575 1320 ὄντα
597 1244 798 1322 άπατάνέπ
798 1256 811 1319 ί
833 1256 1041 1340 συμφέροντι
1055 1247 1224 1336 βούλεται,
1248 1246 1311 1321 οῦκ
1326 1247 1442 1331 ἄλλως
1457 1247 1645 1338 δυνάμενον

340 1345 619 1439 ιόφεληθῆναιέι
604 1379 646 1420 αν
667 1350 711 1440 μὴ
727 1344 746 1420 ό
760 1368 840 1434 παῖς
855 1345 1073 1440 άπατηθῇ,ι
1045 1379 1093 1432 ως
1107 1344 1261 1440 ίατρός’
1239 1354 1376 1421 απατάν
1391 1349 1455 1421 τόν
1469 1345 1646 1438 κάμνοντα

337 1446 623 1538 πραγματεύεται,
653 1452 700 1540 μὴ
730 1447 930 1539 δυνάμενον
944 1455 1200 1539 θεραπευθῆναι
1226 1449 1287 1522 ἐὰν
1312 1448 1358 1540 μή
1384 1443 1517 1538 άπάτης
1539 1474 1645 1535 παρα-

288 1560 321 1615 10
339 1551 474 1637 δέξηται
499 1544 633 1638 λόγους,
658 1541 751 1620 οῦτω
777 1556 834 1621 καὶ
859 1544 879 1620 ό
906 1555 980 1620 τῶν
1006 1543 1103 1622 όλων
1123 1545 1218 1634 θεός,
1241 1553 1314 1620 ἐπεὶ
1335 1555 1560 1639 προκείμενον
1582 1550 1647 1634 ἔχει

339 1641 515 1735 αέφελήσαι
537 1647 579 1720 τό
601 1654 675 1720 τῶν
697 1644 899 1738 ἀνθρώπων
919 1655 1024 1738 γένος.
1061 1655 1189 1737 λεγέτω
1213 1643 1232 1718 ὁ
1254 1647 1372 1737 ἰατρὸς
1394 1655 1445 1737 τῷ
1465 1643 1645 1735 κάμνοντι·

252 1756 320 1812 316v
336 1750 511 1835 τμηθῆναί
539 1769 574 1817 σε
601 1751 663 1831 δεῖ,
684 1753 976 1839 καυτηριασθῆναί
1002 1772 1038 1820 σε
1060 1754 1123 1832 δεῖ,
1153 1746 1243 1820 ἄλλα
1267 1746 1498 1836 χαλεπώτεξρα
1518 1755 1646 1816 παθεῖν

337 1851 373 1917 σε
405 1852 466 1917 δεῖ·
502 1842 564 1916 οῦκ
594 1843 638 1920 διν
666 1843 833 1935 παράσχοι
862 1846 988 1919 ἑαυτὸν
1017 1849 1152 1928 ἐκεῖνος.
1200 1840 1275 1917 ἀλλ’
1297 1850 1408 1918 ένίοτε
1434 1845 1520 1919 ἄλλο
1548 1850 1644 1934 λέγει,

337 1951 394 2016 καὶ
420 1947 569 2032 ἔκρυψεν
594 1941 662 2016 ῦπό
689 1942 754 2016 τόν
779 1941 931 2034 σπόγγον
958 1949 1067 2018 έκείνο
1093 1944 1134 2017 τὸ
1158 1951 1294 2035 τέμνον,
1317 1943 1358 2016 τὸ
1380 1950 1534 2034 διαιροῦν
1555 1942 1644 2034 σιδή-

287 2056 320 2109 15
338 2071 427 2132 ριον,
453 2050 510 2114 καὶ
530 2040 639 2116 πάλιν
659 2043 815 2135 κρύπτει,
842 2040 885 2115 ἵν’
908 2039 1021 2129 οῦτως
1042 2040 1217 2134 ὀνομάσω,
1246 2041 1314 2116 ῦπδ
1336 2041 1378 2115 τό
1399 2050 1475 2133 μέλι
1496 2043 1562 2134 τὴν
1582 2049 1646 2115 τοῦ

337 2148 462 2232 πικροῦ
494 2141 595 2230 φύσιν
625 2149 681 2214 καὶ
711 2143 752 2216 τό
778 2140 877 2234 άηδες
903 2142 1094 2234 φάρμακον,
1121 2142 1328 2234 βουλόμενος
1355 2141 1397 2216 ού
1422 2141 1549 2231 βλάψαι
1570 2137 1645 2215 ἀλλ’

337 2239 498 2314 ίάσασθαι
519 2241 583 2314 τὸν
603 2240 889 2332 θεραπευόμενον.
928 2243 1101 2317 τοιούτων
1124 2241 1314 2334 φαρμάκων
1335 2241 1561 2334 πεπλήρωται
1583 2235 1645 2330 όλη

338 2337 359 2431 ἡ
383 2349 462 2412 θεία
486 2339 609 2463 γραφή.
653 2351 709 2414 καί
735 2343 814 2415 τινὰ
839 2349 900 2432 μέν
927 2347 998 2415 ἐστι
1017 2343 1145 2434 χρηστά
1165 2339 1394 2434 κρυπτόμενα,
1417 2341 1495 2414 τινά
1517 2348 1555 2413 δέ
1574 2345 1645 2412 ἐστι

336 2440 441 2530 πικρά
467 2438 693 2532 κρυπτόμενα.
735 2442 796 2514 ἐὰν
825 2448 898 2529 ίδης
925 2449 1056 2532 πατέρα
1082 2440 1292 2516 ἀπειλοῦντα
1319 2473 1367 2525 ως
1392 2448 1563 2532 μισοῦντα
1582 2438 1646 2511 τὸν

286 2549 320 2604 20
337 2540 411 2613 υίὸν
436 2548 493 2612 καὶ
519 2547 667 2630 λέγοντα
693 2550 744 2632 τῷ
770 2546 833 2631 υἱῷ
861 2541 1014 2665 φρβερὰ
1015 2553 1072 2614 καὶ
1092 2541 1136 2633 μὴ
1160 2542 1436 2632 ἐπιδεικνύμενον
1458 2540 1523 2630 τὴν
1545 2551 1642 2628 φιλο·

337 2647 509 2730 στοργίαν,
531 2636 620 2715 άλλά
640 2639 840 2732 κρύπτοντα
862 2642 928 2732 τὴν
950 2638 1087 2732 άγάπην
1107 2642 1173 2732 τὴν
1192 2640 1280 2732 πρός
1302 2641 1365 2714 τόν
1386 2638 1470 2726 υίόν,
1494 2632 1572 2728 όφει
1590 2633 1644 2710 ότι

337 2736 474 2811 άπατᾶν
495 2738 654 2823 βούλεται
675 2741 717 2813 τό
741 2740 877 2831 νήπιον
900 2737 941 2814 οῦ
962 2741 1026 2832 γὰρ
1047 2747 1207 2830 συμφέρει
1229 2749 1280 2833 τῷ
1302 2745 1366 2832 υἱῷ
1385 2768 1427 2813 το
1413 2739 1644 2812 ἐπίστασθαι

337 2838 401 2928 τὴν
427 2835 563 2929 ἀγάπην
594 2847 657 2911 τοῦ
678 2839 822 2927 πατρός,
849 2839 914 2930 τήν
935 2849 1133 2932 προαίρεσιν
1156 2841 1221 2932 τὴν
1243 2838 1394 2930 φιλικήν·
1420 2835 1644 2928 ἐπιλυθήσεται

336 2937 400 3028 γάρ
429 2945 486 3010 καί
517 2935 559 3010 ου’
590 2938 863 3030 παιδευθήσεται.
907 2940 962 3011 διά
992 2949 1098 3013 τοῦτο
1128 2938 1270 3031 κρύπτει
1300 2947 1362 3030 μέν
1387 2939 1430 3012 τό
1456 2938 1560 3028 γλυκύ
1582 2942 1643 3026 τῆς

285 3053 319 3108 25
337 3047 588 3126 φιλοστοργίας,
611 3045 758 3111 δείκνυσι
779 3046 816 3112 δὲ
837 3039 879 3112 τό
901 3039 1026 3128 πικρὸν
1047 3045 1109 3130 τῆς
1130 3037 1280 3130 άπειλής.

425 3137 587 3210 Τοιοῦτόν
617 3167 651 3209 τι
681 3157 774 3212 ποιεί
801 3145 838 3211 ἐκ
865 3145 928 3211 τοῦ
950 3136 1015 3212 άνά
1037 3138 1142 3228 λόγον
1163 3147 1268 3230 πατρὶ
1293 3147 1349 3211 καί
1370 3145 1485 3229 ’ἰατρῷ
1512 3132 1643 3219 όθεός.

337 3237 408 3307 ἔστι
429 3231 535 3324 πικρά
561 3266 652 3323 τινα,
681 3236 703 3310 ά
724 3246 780 3311 καί
801 3239 865 3311 τόν
887 3238 1105 3313 δικαιότατον
1126 3245 1187 3329 μὲν
1208 3245 1301 3311 ίάται
1322 3245 1379 3311 καί
1400 3238 1466 3310 τόν
1487 3237 1644 3324 σοφώτα-

337 3363 471 3406 τον...
490 3334 606 3410 πάντα
627 3336 690 3427 γὰρ
712 3337 775 3410 τὸν
796 3335 1039 3429 άμαρτήσαντα
1059 3343 1114 3410 ἐπὶ
1137 3356 1211 3421 ταις
1233 3334 1411 3430 άμαρτίαις
1431 3342 1644 3426 κολασθῆναι

337 3439 392 3504 δελ
439 3435 500 3525 »μή
522 3443 709 3522 πλανᾶσθε,
736 3435 820 3523 θεὸς
847 3434 888 3511 ού
911 3445 1181 3527 μυκτηρίζεταιι.
1222 3442 1302 3510 >είτε
1329 3435 1458 3526 πόρνος
1484 3441 1551 3507 είτε
1572 3463 1642 3524 μοι·

285 3549 320 3604 30
335 3531 395 3623 χός
421 3539 500 3606 είτε
513 3533 665 3624 μαλακός
691 3540 759 3607 εἴτε
785 3532 1026 3626 άρσενοκοίτης
1048 3541 1116 3608 εἴτε
1142 3543 1292 3626 κλέπτης
1318 3541 1387 3610 είτε
1407 3543 1554 3626 μέθυσος
1576 3538 1644 3605 εἴτε

337 3640 491 3721 λοίδορος
530 3639 598 3706 εἴτε
633 3629 761 3722 ἅρπαξ,
796 3642 968 3720 βασιλείαν
996 3641 1083 3708 θεοῦ
1113 3633 1154 3708 ού
1183 3635 1493 3726 κληρονομήσουσκ.
1537 3639 1643 3707 τοῦτο

336 3731 397 3803 ἐάν
422 3741 535 3824 νοηθῇ
561 3740 618 3804 ’καὶ
643 3731 821 3826 άκριβωθῇ
843 3731 911 3807 ύπό
934 3743 1008 3806 τῶν
1027 3734 1073 3826 μὴ
1096 3741 1298 3824 δυναμένων
1318 3741 1402 3807 ίδείν
1421 3734 1463 3806 τὸ
1486 3731 1642 3823 ἰατρικὸν

337 3829 489 3923 σιδήριον
517 3831 586 3906 ύπδ
617 3832 681 3906 τόν
710 3830 873 3921 σπόγγον,
909 3829 976 3904 ῦπό
1007 3841 1082 3905 τῶν
1113 3833 1172 3926 μή,
1190 3839 1387 3924 δυναμένων
1417 3838 1569 3923 <νοῆσαι>
1601 3831 1642 3904 τό

422 4004 1024 4076 8vgl.clom.A1ex.Str0m.V11,9,53:
1051 4003 1186 4079 καθάπερ
1211 4003 1309 4078 ίατρδς
1330 4003 1403 4080 πρὸς
1424 4012 1579 4070 νοσοῦντας
1596 3999 1644 4060 ἐπὶ

336 4089 460 4173 σωτηρία
478 4095 535 4146 τῶν
552 4089 721 4160 καμνόντων
738 4088 935 4160 φεύσετακ-
958 4092 995 4148 11
1015 4089 1079 4162 vgl.
1096 4089 1178 4146 Philo
1197 4091 1271 4160 quod
1289 4091 1355 4146 deus
1373 4091 1409 4147 εἰέ
1425 4091 1567 4156 immuhL
1585 4089 1643 4146 282.

335 4161 491 4228 283Μ·τί
463 4171 577 4246 τίςγάρ
596 4165 632 4231 διν
649 4181 706 4231 τῶν
724 4166 756 4230 εὖ
774 4173 957 4249 φρονούντων
977 4170 1102 4248 είιιοιτῷ
1116 4174 1354 4249 θεραπευομένῳ
1372 4167 1397 4230 ὦ
1410 4166 1499 4240 οὗτος,
1511 4173 1643 4242 τετμὴσρ,

335 4275 467 4398 fex&
485 4255 741 4398 ρκριὸτηριασθηση
758 4263 870 4316 κτλ.-
891 4260 959 4317 281.
977 4258 1040 4330 VgL
1058 4261 1140 4316 Ρτοτ.
1158 4261 1183 4328 3,
1201 4263 1293 4316 11.-
1311 4259 1351 4314 29
1369 4259 1430 4312 Gal.
1448 4260 1560 4324 6,.-7
1578 4254 1643 4325 Vgl.

421 4491 461 4547 18
486 4450 631 4566 παράσχοι
652 4494 697 4548 Ηα
721 4490 898 4564 παράσχοιεν
920 4493 938 4548 S
961 4495 965 4562 Ι
990 4492 1030 4549 20
1052 4489 1108 4550 ἀνὰ
1130 4493 1218 4564 λόγον
1242 4492 1318 4548 Diels
1339 4491 1549 4562 vgl.s.161‚5
1576 4485 1644 4546 ἀνα·

332 4575 424 4648 λόγου
446 4577 485 4632 Co
507 4575 652 4648 ἀνάλογον
673 4577 690 4630 S
710 4575 715 4646 Ι
735 4577 772 4633 27
796 4576 1188 4648 2a2¹]2ustrei0hen?131sss
1208 4579 1212 4645 Ι
1233 4573 1412 4648 σοφώτατον]
1431 4575 1558 4631 dahintor
1574 4573 1646 4629 fehlt

336 4660 381 4715 ein
398 4661 462 4715 Sata
479 4662 531 4717 mit
547 4661 578 4718 δὲ
592 4664 596 4731 Ι
612 4663 651 4718 88
669 4661 779 4732 νοῆσαι]
797 4659 872 4719 πιεῖν
889 4661 936 4718 00.
1006 4657 1030 4685 ·’
