3694 5542
450 464 502 520 Die
520 464 725 536 selbstandigen
742 465 906 535 humente
923 483 972 520 aus
990 465 1037 521 der
1055 463 1319 535 Prophebenkatene„
1473 472 1534 534 209

230 627 301 699 οίδε
324 625 483 715 Χριστὸς)
509 622 531 715 ῆ
557 625 727 716 πονηρά·
757 624 835 700 ούδὲ
861 629 923 718 γὰρ
949 625 991 699 τὸ
1017 629 1082 716 ἔξω
1105 625 1260 715 πονηρόν
1282 632 1385 697 σῦκον
1402 628 1534 714 ἐξέβαλε

232 725 315 810 τούς
348 722 470 814 λόγους
500 733 565 798 τοῦ
594 734 680 800 θεοῦ
709 729 756 811 εἰς
786 728 830 800 τά
860 723 977 801 όπίσω.
1020 733 1096 816 περὶ
1127 725 1191 799 τόν
1216 724 1302 797 ναόν
1329 731 1449 797 τοίνυν
1472 731 1536 797 τοῦ

232 832 318 897 θεοῦ
337 833 393 897 καὶ
416 823 458 897 τό
480 835 558 898 θεία
580 823 730 916 δόγματα
752 825 821 900 δύο
844 826 1019 901 κάλαθοι
1039 844 1177 898 κεῖνται.
1212 832 1268 898 καί
1290 825 1381 897 οίδεν
1403 820 1423 896 ό
1445 829 1534 896 έκλε-

232 922 387 1015 γόμενος,
416 934 493 1009 πῶς
523 927 666 999 ἕκαστον
696 924 912 1012 κατατάσσει,
944 926 989 1017 μῆ
1020 922 1219 1014 ἀνεχόμενος
1249 930 1403 1016 πονηροῦ
1433 923 1536 996 σύκου

197 1021 403 1116 ὅποιότητα
433 1043 504 1109 τοῖς
535 1033 611 1096 λίαν
641 1030 856 1116 έγκαταμτξαι
880 1043 1038 1117 χρηστοῖς
1064 1025 1215 1115 (νμικράι
1240 1026 1303 1115 γὰρ
1329 1024 1430 1115 »ζύμη
1452 1019 1537 1098 όλον

232 1123 274 1196 τό
300 1123 435 1214 φύραμα
462 1130 589 1214 ζυμοῑι)
612 1121 689 1198 ούδὲ
710 1125 755 1216 μῆ
778 1123 991 1200 τούναντίον.
1033 1133 1086 1195 καὶ
1110 1124 1195 1214 τάχα
1218 1120 1236 1197 ό
1258 1123 1442 1209 κάλαθος
1463 1131 1537 1196 τῶν

232 1221 364 1296 σύκων
386 1231 459 1295 τῶν
481 1232 673 1315 πονηρῶν
694 1222 715 1316 ῆ
737 1224 854 1316 γέεννά
876 1229 947 1298 ἐστι
969 1233 1032 1298 τοῦ
1053 1229 1196 1298 αἰωνίου
1216 1223 1337 1315 πυρός,
1365 1219 1385 1296 δ
1407 1229 1442 1296 δὲ
1464 1233 1538 1298 τῶν

229 1330 416 1415 χρηστῶν
438 1320 458 1414 ῆ
481 1333 630 1410 βασιλεία
652 1333 725 1396 τῶν
747 1321 911 1412 ούρανῶν.

315 1430 380 1495 Καὶ
402 1419 472 1512 μετ’
496 1418 606 1514 όλίγα·

182 1545 215 1600 10
313 1518 413 1596 Ἀλλὰ
447 1519 534 1595 πότε
564 1523 644 1608 τούς
673 1522 878 1610 καλάθους
909 1520 929 1597 ό
959 1521 1139 1614 προφήτης
1166 1521 1330 1610 ἓῶρακεν,·
1359 1521 1443 1614 μετὰ
1474 1523 1537 1613 τῆν

233 1627 471 1712 αἰχμαλωσίαν,
503 1631 615 1711 φησίν.
656 1623 717 1696 ἐὰν
746 1623 808 1714 γὰρ
834 1630 907 1714 ίδης
934 1623 998 1714 τῆν
1023 1628 1201 1713 ἐπιδημίαν
1224 1629 1287 1695 τοῦ
1309 1629 1462 1713 σωτῆρος
1483 1629 1538 1693 καὶ

233 1728 296 1795 τού
322 1728 409 1795 λαοῦ
430 1719 495 1811 τῆν
516 1728 746 1812 αἰχμαλωσίαν
767 1731 822 1794 καί
845 1721 930 1814 ῆμᾶς
952 1723 1033 1807 τούς
1053 1719 1254 1809 ἀλλοτρίους
1276 1721 1372 1811 φύσει
1393 1729 1448 1792 καί
1470 1725 1535 1808 ἔξω

232 1827 293 1911 τῆς
321 1816 539 1912 ἹερουσιδΙλῆμ
569 1828 631 1894 νῦν
661 1823 716 1895 διὰ
745 1825 811 1914 τῆν
840 1832 956 1896 πίστιν
986 1821 1050 1913 τῆν
1075 1828 1122 1906 εἰς
1154 1821 1238 1893 θεὸν
1263 1829 1318 1893 καί
1345 1821 1537 1914 γλυκύτητα
1559 1840 1609 1895 304

233 1925 294 2010 τῆς
324 1917 488 2011 ἀληθείας
515 1928 711 2010 γινομένους
741 1929 825 1994 σῦκα
858 1920 1001 2014 χρηστά,
1037 1915 1115 2010 ὄψει
1144 1920 1208 1993 τόν
1242 1920 1428 1994 κάλαθον
1463 1928 1537 1992 τῶν

182 2041 216 2096 15
230 2027 416 2141 χρηστῶν
440 2020 583 2094 σύκων·
616 2022 676 2094 ἐὰν
698 2029 734 2093 δὲ
757 2021 838 2106 τούς
855 2027 892 2094 έκ
913 2027 1097 2111 περιτομῆς
1117 2020 1202 2111 μετὰ
1225 2022 1289 2111 τῆν
1310 2027 1536 2142 αἰχμαλωσίαν

233 2116 364 2209 ταύτην
394 2117 541 2208 θεάσαιο,
573 2129 647 2194 τῶν
673 2131 864 2214 πονηρῶν
896 2115 975 2200 ύδει
1006 2129 1062 2192 καί
1097 2117 1293 2211 άβρῶτων
1318 2119 1447 2192 σύκων
1475 2119 1537 2192 τὸν

232 2217 426 2292 κάλαθον.
468 2218 530 2293 ούκ
557 2218 651 2312 άρκει
674 2228 710 2294 δε
735 2223 863 2344 χρηστά
891 2227 967 2293 λίαν
993 2219 1137 2294 εἰναι
1100 2251 1143 2292 τα
1164 2227 1257 2307 σῦκα,
1278 2216 1364 2292 άλλά
1386 2228 1441 2291 καί
1464 2239 1537 2302 τοῖς

233 2322 431 2408 πρωίμοις
462 2317 664 2411 ῶμοιῶσθαι
694 2320 868 2413 προσῆκει·
896 2316 1023 2414 ὄψιμον
1060 2320 1123 2411 γὰρ
1159 2326 1263 2393 σῦκον
1293 2315 1356 2392 ούκ
1386 2323 1476 2392 ἔστιν
1508 2313 1536 2411 ᾧ

232 2416 523 2508 παραβάλλεται“
503 2450 523 2493 ο
545 2420 742 2512 σωζόμενος.

182 2603 217 2660 20
658 2590 715 2658 Nr.
736 2591 850 2658 XXIII.
891 2592 1005 2658 Jerem.
1022 2597 1073 2670 λέ,
1089 2599 1117 2661 6

317 2741 381 2823 (98)
407 2731 439 2806 O
466 2738 614 2826 Χριστός
644 2734 823 2826 οἰκοδόμος
849 2744 905 2808 καὶ
931 2732 1154 2858 ἀρχιτέκτων,
1180 2742 1256 2826 περὶ
1282 2765 1323 2808 ου
1309 2727 1383 2808 ὲν
1403 2735 1537 2829 προφῆ-

235 2863 310 2917 ταις
339 2839 504 2906 λέλεκται·
537 2827 658 2918 »οὗτος
688 2833 900 2927 οἰκοδομήσει
932 2834 997 2925 τῆν
1027 2833 1131 2909 πόλιν
1156 2862 1234 2924 μου,
1261 2844 1317 2907 καί
1339 2836 1405 2925 τῆν
1425 2839 1538 2925 αἰχμα-

235 2941 364 3005 λωσίαν
385 2939 449 3006 τοῦ
469 2940 556 3006 λαοῦ
575 2963 640 3025 μου
661 2938 884 3026 ἐπιστρέψαι.
926 2943 1029 3023 φησίν
1055 2927 1118 3006 οὖν
1144 2929 1312 3024 δκύριος·
1341 2943 1405 3008 καὶ
1432 2941 1538 3009 οἰκο-

236 3030 395 3124 δομῆσω
431 3029 575 3118 αύτούς
604 3041 670 3107 καί
700 3030 745 3106 ού
774 3033 824 3125 μῆ
854 3043 1026 3108 καθελῶ.
1071 3029 1203 3123 άγαθός
1232 3033 1295 3124 γὰρ
1326 3064 1377 3108 ων
1407 3030 1427 3109 δ
1458 3035 1539 3120 θεὸς

185 3146 219 3203 25
236 3130 487 3224 οἰκοδομῆματά
517 3162 595 3204 τινα
624 3143 783 3224 καθαιρεῖ
790 3158 797 3172 ·
826 3139 878 3205 δεῖ
905 3133 967 3226 γάρ
998 3131 1063 3224 τῆν
1089 3139 1126 3206 έν
1153 3129 1231 3224 ῆμῑν
1257 3133 1440 3224 οἰκοδομῆν
1466 3143 1540 3206 τῶν

236 3229 446 3321 άκαθάρτων
471 3232 677 3323 πνευμάτων
702 3241 940 3324 καταλυθῆναι
965 3239 1020 3306 καί
1043 3227 1137 3307 ούτω
1166 3231 1251 3306 ναόν
1273 3237 1539 3324 οἰκοδομηθῆναι

236 3339 310 3422 θεῷ
337 3337 372 3419 ἐξ
398 3328 533 3420 άρετῶν
559 3363 597 3406 τε
623 3341 679 3404 καί
705 3331 887 3424 δογμάτων
909 3329 1039 3422 ὀρθῶν,
1062 3338 1117 3406 ἵνα
1138 3341 1193 3406 καὶ
1216 3327 1312 3423 όφθῆ
1334 3329 1354 3423 ῆ
1378 3331 1459 3420 δόξα
1481 3330 1539 3406 αύ-

237 3438 299 3502 τού
321 3435 357 3503 ὲν
379 3428 482 3523 αύτῷ.
518 3433 589 3504 ἔστι
616 3439 651 3504 δὲ
676 3441 732 3504 καὶ
758 3432 906 3523 γεωργὸς
927 3431 1219 3520 καταφυτεύων
1240 3439 1295 3502 καί
1317 3438 1541 3524 ἐγκεντρίζων

237 3527 295 3616 ούς
318 3531 421 3620 ἄξιον.
451 3539 544 3655 φησί
568 3533 630 3623 γὰρ
652 3528 673 3604 ό
666 3531 810 3656 εσωτῆρ
833 3528 880 3616 ῶς
902 3534 976 3624 ῥίζα
995 3531 1076 3615 τούς
1089 3531 1236 3616 κλάδους
1250 3530 1382 3616 πάντας
1397 3529 1540 3621 όνέχων·

187 3651 220 3706 30
241 3631 324 3720 »ίγῶ
350 3639 415 3721 εἰμι
441 3627 676 3722 ῆάμπελσςε
655 3662 676 3723 η
698 3628 853 3722 άληθινῆ,
876 3627 966 3722 ύμεῑς
989 3630 1031 3703 τὰ
1053 3630 1217 3722 κλῆματα,
1241 3627 1320 3704 δδὲ
1340 3630 1455 3722 πατήρ
1476 3661 1541 3754 μην

237 3728 439 3820 ογεωργός
474 3736 688 3804 ἔστινπᾶν
723 3738 901 3821 κλῆμαν
864 3735 901 3802 έν
931 3733 1003 3820 ἐμοὶ
1032 3737 1138 3820 μένον
1167 3738 1222 3802 καί
1255 3737 1377 3804 ποιοῦν
1407 3732 1542 3819 καρπόν

236 3827 352 3913 καλόν
388 3825 543 3921 δπατῆρ
578 3859 643 3920 μου
672 3837 826 3921 καθαίρει
856 3833 912 3901 ἵνα
941 3839 1084 3902 πλείονα
1112 3829 1245 3918 καρπὸν
1276 3837 1375 3921 φέρῃ·
1405 3838 1476 3905 πᾶν
1507 3838 1542 3904 δὲ

321 3981 339 4037 ε
358 3983 445 4038 1110r.
464 3987 488 4050 5,
506 3988 530 4041 6.
549 4015 582 4024 -
601 3986 617 4040 ι
637 3985 700 4054 vgl.
713 3985 812 4040 αισα.
825 3987 849 4050 5,
862 3985 896 4040 22
922 3983 1031 4052 ναίει
1047 4015 1080 4024 -
1100 3986 1137 4042 11
1157 3985 1221 4055 Vgl.
1233 3985 1341 4056 015mp.
1355 3985 1410 4054 (οε
1422 3987 1456 4052 11,
1469 3987 1540 4054 5ss):

238 4065 413 4138 οίκειδτερον
440 4065 486 4124 έπί
510 4074 560 4137 τῆς
581 4077 633 4126 τοῦ
653 4077 770 4144 χριστοῦ
792 4066 955 4144 ἐλευθερίας
976 4064 1021 4138 (ίσ.
1040 4065 1184 4139 ἐλεύσεως)
1206 4072 1318 4139 νοῆσεις
1339 4077 1431 4126 τοῦτο.
1450 4100 1483 4110 -
1503 4071 1541 4126 ‘22

238 4151 293 4206 ίοε.
309 4153 351 4220 45,
371 4153 410 4206 13.
433 4181 466 4192 -
485 4154 560 4211 2511.
577 4153 640 4224 Vgl.
658 4155 688 4208 in
706 4155 803 4209 Jerem.
815 4153 895 4208 Hom.
915 4156 992 4220 1,16.
1010 4183 1043 4194 -
1062 4155 1100 4210 20
1121 4154 1183 4224 vgl.
1203 4153 1302 4210 Matth.
1321 4155 1361 4220 12,
1379 4156 1421 4210 43.
1439 4156 1493 4211 44?
1511 4185 1542 4195 -

240 4235 277 4290 υτ
302 4235 365 4306 vgl.
384 4236 437 4292 ιιι.
456 4240 481 4304 ο,
498 4238 535 4292 1‘?
561 4267 594 4278 -
621 4239 690 4297 εει.
709 4238 772 4308 Vgl.
784 4239 861 4296 ιαια
878 4241 918 4306 11,
937 4242 977 4294 ιι.
990 4239 1031 4295 18.
1056 4269 1091 4279 -
1115 4239 1153 4294 εο
1171 4239 1232 4295 Joh.
1252 4241 1291 4304 15,
1313 4243 1337 4296 1.
1354 4239 1378 4294 2.
1397 4241 1453 4296 σο
1476 4241 1542 4310 (ng

239 4319 374 4388 naam,
388 4323 421 4378 10
443 4325 467 4392 ι,
485 4324 518 4378 ιο
542 4322 609 4378 Luk.
629 4325 652 4390 3,
671 4325 705 4391 ο).

324 4458 343 4512 4
360 4460 530 4528 καταστήσει
547 4477 563 4513 o
587 4461 592 4527 Ι
618 4459 656 4514 10
674 4453 810 4532 ἑώρακεν]
829 4461 962 4516 τεθέαται
980 4477 996 4514 ο
1019 4461 1024 4528 Ι
1050 4459 1086 4514 18
1103 4457 1153 4514 τδν
1171 4456 1298 4530 πονηρδν
1317 4451 1376 4528 δυη
1394 4477 1410 4514 o
1431 4461 1435 4526 1
1457 4460 1495 4516 18
1514 4457 1541 4512 δΙ

238 4545 417 4608 μοαῑνσθαιο
441 4545 446 4611 l
470 4543 509 4600 25
527 4545 660 4616 καθαίρει
678 4561 694 4598 ο
716 4543 723 4612 1
746 4544 796 4612 τὴν
813 4586 839 4600 ..
858 4542 1038 4612 οἰκοδομὴν]
1057 4549 1106 4611 τῆς
1123 4583 1149 4598 ..
1168 4539 1320 4612 οἰκοδομῆς
1342 4559 1378 4600 οο
1402 4545 1406 4611 1
1431 4544 1468 4600 28
1485 4541 1541 4600 ἔστι

239 4629 288 4687 0¹0
306 4621 352 4682 ἐπι
370 4627 400 4682 ο*
419 4621 460 4684 ἔτι
477 4628 556 4696 1181
577 4623 594 4683 δ
613 4628 659 4683 0²1
677 4637 711 4687 <
728 4629 789 4684 0*0.
924 4689 929 4694 ,

294 4713 411 4766 origenes
425 4713 469 4760 ΠΙ.
1291 4713 1322 4768 14
