3702 5540
666 483 787 540 Homilie
803 486 824 542 I.
859 483 957 540 Jorem
976 488 999 552 1,
1019 487 1111 542 2-10.
1454 511 1456 516 ,
1526 490 1544 554 3

240 655 344 732 τείας,
372 639 428 718 ότι
449 653 634 736 προτρέπει
659 647 747 719 κατὰ
770 654 1033 735 φιλανθρωπίαν
1053 648 1175 720 ἑαυτοῦ
1197 642 1216 719 ό
1238 645 1321 729 θεός
1345 647 1425 729 τοὺς
1446 643 1546 718 ἀκού-

239 775 343 829 οντας
363 747 408 835 μή
430 756 555 818 παθεῖν
577 747 620 819 τὰ
642 754 703 839 τῆς
725 754 958 837 αἰχμαλωσίας.

326 853 469 920 Τοιαῦτα
504 855 559 918 καί
594 855 669 936 περὶ
705 844 789 938 ἡμᾶς
819 851 920 920 ἐστιν.
963 846 1022 918 ἐὰν
1052 843 1308 936 ἁμαρτάνοιμεν,
1335 844 1546 936 αἰχμάλωτοι

87 1037 89 1042 Ι
239 953 294 1017 καὶ
325 943 416 1036 ἡμεῖς
450 952 615 1037 μέλλομεν
644 955 804 1036 γίνεσθαι.
856 946 897 1020 τό
930 947 992 1039 γὰρ
1026 951 1254 1037 »παραδοῦναι
1288 944 1352 1018 τόν
1385 952 1547 1018 τοιοῦτον

155 1054 291 1137 2091τῷ
317 1053 462 1140 σατανᾷι
489 1053 494 1136 1
518 1043 617 1119 ούδὲν
643 1051 792 1135 διαφέρει
818 1053 881 1119 τοῦ
905 1053 1116 1137 παραδοῦναι
1143 1046 1223 1131 τοὺς
1245 1043 1315 1119 ἀπό
1336 1043 1547 1136 Ἰερουσαλήμ

240 1153 290 1236 τηῦ
321 1143 637 1235 Ναβουχοδονόσορ·
675 1143 723 1230 σός
756 1145 820 1234 γὰρ
849 1152 966 1237 ἐκείνῳ
1002 1152 1227 1237 παρεδίδοντο
1258 1145 1313 1218 διὰ
1348 1144 1410 1228 τὰς
1445 1142 1547 1236 άμαρ-

241 1257 328 1331 τίας,
352 1241 444 1317 οῦτω
472 1250 522 1334 τῷ
551 1251 679 1340 σατανᾷ
699 1243 954 1336 παραδιδόμεθα
977 1247 1031 1318 διὰ
1053 1247 1114 1330 τάς
1136 1242 1297 1336 άμαρτίας
1319 1239 1395 1318 όντι
1417 1254 1547 1335 Ναβου-

239 1342 435 1435 χοδονόσορ.
479 1351 534 1417 καί
574 1341 651 1430 »οῦς
684 1352 866 1436 παρέδωκα
901 1353 952 1437 τῷ
989 1352 1132 1440 σατανᾷ,
1165 1348 1221 1417 ἰνα
1256 1351 1467 1418 παιδευθῶσι
1502 1345 1547 1435 μὴ

156 1537 159 1544 Δ
240 1455 464 1535 βλασφημεῖνι
499 1451 579 1536 φησί
613 1454 691 1535 περί
725 1445 842 1519 ἀλλων
873 1443 1089 1536 ἁμαρτωλῶν
1120 1440 1139 1518 ό
1167 1442 1368 1528 ἀπόστολος.
1422 1458 1449 1516 4.
1486 1438 1548 1531 όρα

190 1559 224 1616 10
242 1537 303 1616 οὖν
325 1553 472 1634 πηλίκον
493 1541 600 1617 κακόν
621 1551 693 1616 ἐστι
715 1543 756 1617 τό
778 1541 995 1635 ἁμαρτάνειν,
1026 1547 1082 1616 ἰνα
1102 1552 1325 1632 παραδοθῶσι
1348 1553 1399 1636 τῷ
1419 1549 1549 1637 σατανᾷ

241 1651 526 1734 αἰχμαλωτίζοντι
557 1644 617 1728 τὰς
647 1644 756 1734 ψυχὰς
786 1653 860 1718 τῶν
890 1651 1229 1736 ἐγκαταλειπομένων
1259 1642 1326 1717 ῦπό
1357 1651 1456 1729 θεοῦ,
1488 1641 1549 1717 οῦκ

242 1741 402 1826 ἀναιτίως
435 1748 471 1814 δὲ
507 1742 583 1816 οῦδὲ
617 1741 765 1835 ἀκρίτως
797 1743 1087 1835 ἐγκαταλιπόντος
1116 1751 1215 1829 θεοῦ,
1252 1740 1311 1828 οῦς
1341 1749 1550 1832 ἐγκατέλιπε·

242 1842 328 1914 ἐπὰν
353 1843 417 1932 γάρ
443 1851 559 1935 πέμφη
586 1843 650 1916 τόν
675 1841 776 1916 ῦετόν
803 1849 858 1916 ἐπὶ
880 1843 944 1917 τόν
966 1842 1159 1933 ἀμπελῶνα,
1182 1839 1202 1915 ό
1224 1851 1260 1916 δὲ
1281 1841 1444 1934 ἀμπελῶν
1465 1851 1550 1932 φέρη

242 1938 318 2014 ἀντὶ
354 1951 527 2035 σταφυλῆς
564 1941 730 2028 ἀκάνθας,
766 1952 800 2015 τί
829 1942 962 2034 ποιήσει
992 1939 1011 2016 ό
1041 1943 1123 2028 θεός
1148 1939 1170 2032 ή
1199 1961 1285 2026 >ταῖς
1315 1948 1471 2031 νεφέλαις
1501 1947 1552 2014 ἐν·

192 2058 226 2112 15
243 2052 389 2114 τελεῖται
423 2050 486 2114 τοῦ
519 2043 564 2134 μή
593 2050 705 2132 βρέξαι
738 2041 852 2116 ύετόν<
883 2049 939 2116 ἐπὶ
969 2041 1032 2116 τόν
1061 2040 1261 2134 ἀμπελῶνας
1295 2047 1460 2114 ἐπίκειται
1490 2033 1552 2112 οὖν

242 2147 252 2230 J!
274 2141 326 2214 διὰ
349 2141 410 2226 τὰς
432 2137 594 2231 ἀμαρτίας
616 2140 790 2233 ἡμῶνκαὶ
812 2141 891 2233 ἡμῖν
914 2147 1122 2233 αἰχμαλωσία
1143 2150 1198 2214 καί
1226 2148 1390 2233 μέλλομεν
1411 2146 1552 2231 παραδί-
1572 2163 1622 2218 127

245 2248 381 2327 δοσθαι,
412 2241 471 2313 ἐὰν
500 2242 545 2333 μή
575 2251 808 2333 μετανοῶμεν,
839 2251 891 2334 τῷ
924 2239 1227 2331 Ναβουχοδονόσορ
1257 2250 1313 2314 καὶ
1344 2260 1418 2324 τοῖς
1444 2249 1552 2326 Βαβυ-

245 2349 396 2426 λωνίοις,
425 2345 478 2412 ίνα
509 2339 593 2432 ἡμᾶς
620 2341 835 2432 σπαράξωσιν
861 2347 894 2414 οἱ
921 2348 1039 2433 νοητοί
1065 2342 1289 2425 Βαβυλώνιοι.
1332 2344 1554 2430 ἐπικειμένων

246 2439 384 2512 τούτων
411 2443 444 2514 οἰ
469 2438 565 2529 λόγοι
592 2449 665 2513 τῶν
687 2450 888 2534 προφητῶν,
910 2447 943 2514 οἰ
964 2439 1061 2532 λόγοι
1083 2449 1146 2515 τοῦ
1167 2438 1283 2530 νόμου,
1307 2444 1339 2511 οἰ
1361 2436 1458 2528 λόγοι
1480 2447 1554 2510 τῶν

194 2561 229 2617 20
247 2537 461 2625 ἀποστόλων,
489 2543 520 2613 οἰ
542 2537 637 2630 λόγοι
663 2549 726 2612 τοῦ
750 2547 867 2631 κυρίου
893 2549 948 2613 καὶ
975 2548 1131 2631 σωτῆρος
1159 2537 1256 2630 ήμῶν
1278 2537 1383 2629 Ἰησοῦ
1405 2544 1556 2627 Χριστοῦ

248 2646 400 2729 λέγουσιν
431 2637 508 2730 ἡμῖν
538 2647 614 2731 περὶ
640 2648 833 2729 μετανοίας,
863 2647 1118 2729 παρακαλοῦσιν
1147 2638 1232 2730 ἡμᾶς
1259 2643 1305 2722 εἰς
1332 2635 1555 2728 ἐπιστροφήν·

248 2739 307 2811 ἐὰν
339 2736 550 2829 ἀκούσωμεν,
579 2739 792 2831 πιστεύωμεν
825 2747 876 2830 τῷ
910 2736 1071 2830 εἰρηκότι·
1104 2736 1320 2828 »μετανοήσω
1355 2734 1450 2825 κάγῶ
1481 2743 1556 2823 περὶ

247 2837 391 2910 πάντων
421 2847 495 2909 τῶν
523 2849 642 2912 κακῶν
670 2832 721 2911 ῶν
747 2837 892 2928 ἐλάλησα
917 2847 980 2912 τοῦ
1007 2845 1146 2929 ποιήσαι
1171 2834 1318 2920 αύτοῖςι.
1362 2843 1470 2908 ταῦτα
1496 2842 1557 2925 μὲν
1615 2875 1618 2880 ’

249 2945 294 3022 εἰς
316 2936 358 3010 τό
380 2946 572 3027 προοίμιον.

198 3058 231 3113 25
332 3053 360 3110 5.
387 3039 485 3109 Μετὰ
511 3045 546 3110 δὲ
573 3038 615 3111 τό
641 3046 822 3128 προοίμιον
847 3046 1031 3128 γέγραπται
1057 3031 1113 3109 ότι
1143 3043 1295 3127 »ἐγένετο
1318 3033 1419 3126 λόγος
1439 3042 1558 3124 κυρίου

250 3136 336 3225 πρὸς
366 3133 501 3224 αύτόνι,
534 3146 638 3229 δῆλον
676 3133 730 3211 ότι
758 3138 820 3210 τόν
853 3135 1014 3228 Ἱερεμίαν.
1066 3145 1100 3209 τί
1131 3143 1167 3210 δὲ
1195 3143 1282 3226 λέγει
1314 3132 1333 3208 ό
1367 3133 1468 3225 λόγος
1496 3139 1560 3205 τοῦ

250 3243 367 3324 κυρίου
393 3237 479 3325 πρός
509 3234 629 3322 αύτόν,·
659 3244 832 3327 ἐξαίρετον
861 3237 956 3326 παρὰ
987 3237 1028 3308 τό
1059 3242 1235 3326 εἰρημένον
1265 3235 1352 3323 πρός
1381 3234 1463 3317 τοῦς
1493 3244 1561 3304 λοι-

251 3337 337 3419 πούς
366 3335 553 3426 προφήτας.
608 3344 713 3410 τοῦτο
745 3338 808 3428 γὰρ
838 3335 924 3425 πρός
954 3333 1075 3408 ούδένα
1107 3331 1247 3425 εῦρομεν
1275 3343 1348 3406 τῶν
1369 3339 1562 3422 προφητῶν

253 3441 436 3525 εἰρημένον.
477 3433 619 3528 Ἀβραὰμ
650 3434 830 3527 προφήτης
862 3433 1079 3525 ἐχρημάτισεν
1110 3441 1147 3507 ἐν
1179 3442 1230 3524 τῷ
1268 3432 1467 3523 »προφήτης
1492 3436 1563 3504 ἐστὶ

201 3555 235 3608 30
252 3545 308 3607 καὶ
332 3535 550 3624 προσεύξεται
575 3543 652 3626 περὶ
680 3545 771 3622 σοῦι,
799 3544 852 3607 καί
875 3532 937 3606 ούκ
958 3537 1051 3606 εἶπεν
1077 3533 1163 3625 πρός
1184 3531 1291 3606 αύτόν
1311 3529 1330 3605 ό
1352 3529 1447 3616 θεός·
1480 3529 1563 3620 »πρό

256 3641 317 3706 τοῦ
343 3663 383 3722 με
409 3633 535 3707 πλάσαι
562 3660 598 3708 σε
624 3640 661 3707 ἐν
687 3643 798 3728 κοιλίᾳ
827 3639 1005 3724 ἐπίσταμαί
1027 3658 1077 3719 σε,
1104 3641 1158 3705 καί
1181 3634 1249 3725 πρὸ
1273 3639 1335 3705 τοῦ
1357 3655 1394 3704 σε
1413 3635 1565 3718 ἐξελθεῖν

167 3753 237 3809 210r
255 3739 292 3805 ἐκ
317 3731 446 3824 μήτρας
471 3732 591 3826 ἡγίακά
618 3746 706 3821 σει.Ι
732 3733 817 3808 ἀλλὰ
844 3730 988 3821 ῦστερόν
1009 3763 1096 3806 ποτε
1118 3731 1264 3823 ἡγιάσθη
1287 3729 1306 3804 ό
1327 3729 1482 3822 Ἀβραάμ,
1506 3723 1566 3802 ότε

255 3837 397 3922 ἐξῆλθεν
426 3839 476 3906 »ἐκ
512 3841 590 3926 τῆςι
608 3842 667 3926 γῆς
702 3832 809 3906 αύτοῦ
843 3841 900 3905 καί
930 3838 967 3904 ἐκ
997 3841 1058 3924 τῆς
1088 3841 1276 3923 συγγενείας
1305 3829 1412 3903 αύτοῦ
1441 3834 1498 3902 καὶ
1527 3835 1565 3902 ἐκ

340 4037 414 4093 4-1)
437 4037 499 4109 Vgl.
518 4038 597 4095 Hom.
617 4042 716 4107 18,14‚
741 4040 850 4110 Fragm.
869 4040 918 4095 125
940 4038 970 4093 in
993 4038 1057 4092 Cu.
1075 4043 1099 4092 ὅ.
1117 4065 1150 4077 -
1163 4035 1188 4091 '4
1210 4037 1304 4093 IKor.
1320 4039 1345 4102 5,
1361 4039 1385 4092 5.
1406 4066 1441 4078 —
1460 4037 1479 4091 5
1501 4034 1566 4104 vgl.
1588 4039 1590 4044 ’

256 4123 355 4180 ίετεια.
367 4126 409 4191 34,
421 4127 437 4179 5
449 4142 475 4178 u.
488 4131 513 4181 5.
530 4155 564 4164 -
582 4125 601 4180 8
619 4125 712 4179 I'ffim.
727 4128 749 4188 1,
762 4127 804 4180 20.
821 4154 855 4163 -
874 4123 951 4181 13³.
970 4123 1035 4193 Vgl.
1052 4123 1106 4176 ἰεε.
1125 4125 1149 4186 5,
1166 4124 1242 4178 4-6.
1260 4151 1292 4161 -
1311 4122 1350 4176 22
1368 4119 1466 4175 ίετεαε.
1483 4119 1524 4183 18,
1541 4121 1566 4175 8.

257 4237 290 4248 ·-
308 4207 348 4263 22
365 4207 430 4278 vgl.
448 4209 528 4264 Philo
547 4227 591 4279 qu,
609 4227 660 4263 rer.
678 4209 733 4265 div.
752 4209 807 4264 her.
819 4209 840 4276 Ι,
860 4209 912 4263 510
925 4208 952 4261 Μ
971 4238 1004 4248 -
1026 4208 1094 4262 Gen.
1111 4208 1153 4270 20,
1172 4209 1195 4262 7.
1217 4237 1250 4245 -
1268 4206 1306 4262 38
1326 4205 1389 4275 Vgl.
1408 4205 1529 4270 (151112,
1542 4207 1566 4258 1.

341 4391 358 4446 8
375 4390 527 4462 παρέδωκα
545 4395 617 4447 nach
628 4393 666 4448 H:
684 4393 790 4446 tradidi
806 4390 952 4466 παρέδωκε
964 4393 981 4446 S
994 4391 1083 4460 (Hom.
1097 4391 1137 4454 18,
1151 4393 1195 4446 14:
1214 4387 1375 4462 παρέδωκα)
1391 4390 1395 4456 Ι
1412 4388 1499 4454 11112
1519 4387 1571 4444 οἰκ

258 4472 392 4540 ἀναιτίως
412 4475 441 4532 δὲ
460 4474 494 4532 οὐ
510 4496 536 4531 u.
554 4481 626 4533 θεοῦ
649 4472 698 4542 οῦς
716 4473 880 4546 ἐγκατέλιπε
898 4477 915 4530 S
934 4475 996 4530 and.
1015 4474 1097 4529 Hand
1114 4495 1147 4528 w.
1161 4491 1184 4530 ε.
1196 4475 1252 4528 seh.
1272 4475 1276 4540 Ι
1298 4473 1336 4528 12
1355 4471 1434 4545 φέρει
1446 4473 1479 4528 S*
1499 4472 1570 4545 φέρη

258 4561 362 4626 81122
380 4560 556 4631 πιστεύωμεν
575 4563 613 4616 Co
632 4559 803 4629 πιστεύομεν
820 4561 869 4614 SH
884 4561 889 4630 1
905 4561 942 4617 27
964 4557 1119 4630 ἐξαίρετον]
1138 4558 1194 4628 vgl.
1208 4557 1233 4610 S.
1246 4559 1299 4622 4‚3
1317 4557 1398 4624 9,12;
1418 4559 1459 4613 oft
1476 4560 1528 4614 mit
1543 4580 1571 4616 τι

259 4645 432 4704 verbunden:
449 4646 479 4700 in
495 4647 596 4702 Matth.
614 4645 690 4700 Tom.
710 4646 750 4709 13,
768 4647 784 4698 2
802 4645 851 4715 (Lo
868 4647 892 4710 3,
905 4645 974 4714 212),
992 4644 1105 4700 Exhort.
1123 4646 1157 4698 14
1174 4641 1259 4711 (Orig.
1276 4643 1297 4704 1,
1316 4645 1356 4708 14,
1370 4644 1403 4712 7).

1333 4728 1348 4779 1
1356 4727 1370 4758 Ι
