3658 5566
707 445 846 517 Origenee'
858 445 1215 518 magelioderkommentar.

643 663 700 731 Nr.
715 664 858 731 CXVIII.
899 665 1023 751 KIageI
1040 663 1156 730 ίεεοαυ
1170 671 1199 744 4,
1214 669 1263 730 22.

380 800 509 898 Ἱκανὴν
530 813 677 895 έξέτισας
699 817 803 900 δίκην,
825 815 863 882 έν
884 802 905 900 ᾖ
923 806 1044 901 Ἐδώμ
1066 815 1259 896 διαδέξεται.
1295 805 1336 879 τὸ
1358 813 1395 878 δὲ
1417 803 1463 880 οὗ
1483 829 1607 894 προσ·

297 902 416 996 θήσει
448 915 522 980 τοῦ
552 906 761 982 ἀποικίσαι
791 933 831 982 σε
859 906 881 1000 ἢ
911 909 1000 1000 πρὸς
1028 907 1092 999 τὴν
1117 904 1303 998 ἀνάκλησιν
1333 930 1435 996 φησιν
1466 903 1606 996 (οὐγὰρ

297 1009 462 1095 έπεμενεις
493 1015 537 1098 τῇ
567 1013 771 1102 αἰχμαλωσίᾳ
802 1007 843 1080 τὸ
871 1014 1003 1083 τέλειον
1028 1014 1153 1098 μέτρον
1178 1007 1399 1098 πληρώσασα·
1429 1025 1517 1096 μειοῖ
1540 1005 1605 1096 γὰρ

262 1121 279 1174 5
297 1103 363 1194 τὴν
388 1112 485 1196 δίκην
512 1103 532 1178 o‘
558 1106 653 1192 θεός,
675 1111 716 1180 οὐ
737 1113 985 1199 προστίθησιν),
1016 1104 1124 1197 ἤγουν
1150 1113 1179 1178 εί
1199 1105 1286 1195 πρὸς
1308 1113 1469 1196 δευτέραν
1490 1103 1538 1188 οἷς
1558 1105 1605 1196 μὴ

296 1211 523 1296 γενησομένην
550 1199 678 1280 ἅλωσιν
701 1213 843 1299 εἴρηται,
866 1215 942 1292 πῶς
963 1203 984 1297 ἡ
1006 1203 1076 1297 μετ’
1099 1211 1231 1296 ἐκείνην
1252 1203 1320 1278 ὑπὸ
1341 1202 1514 1294 Ῥωμαίων
1535 1209 1603 1294 ἐγέ-

297 1331 392 1390 νετο;
420 1303 552 1395 μήποτε
582 1315 700 1379 τοίνυν
729 1315 807 1398 περὶ
840 1313 902 1398 τῆς
931 1303 1073 1396 ἐσχάτης
1098 1300 1117 1378 ὅ
1145 1303 1246 1395 λόγος
1270 1311 1333 1394 τῆς
1354 1311 1527 1395 γεγονυίας
1548 1305 1603 1376 διὰ

297 1402 458 1492 Χριστόν,
488 1399 566 1496 μεθ’
591 1402 635 1494 ἣν
666 1402 708 1480 οὔ
736 1413 874 1497 γέγονεν
903 1407 1009 1495 ἑτέρα.
1060 1413 1116 1476 καί
1144 1413 1223 1489 »πᾶς
1251 1400 1378 1496 Ἰσραὴλ
1408 1402 1604 1496 σωθήσεται

295 1504 381 1592 μετὰ
408 1504 449 1578 τὸ
476 1502 643 1594 πλήρωμα
669 1513 743 1578 τῶν
765 1510 895 1580 έθνῶνι
915 1507 981 1596 τὴν
1003 1502 1147 1594 ἀνομίαν
1169 1501 1363 1577 ἀπολιπών·
1393 1500 1469 1594 μεθ’
1491 1497 1510 1575 ὃ
1532 1517 1603 1577 λοι-

244 1618 278 1673 10
294 1601 365 1675 τὸν
386 1599 406 1693 ἡ
429 1611 611 1690 συντέλεια,
634 1612 690 1677 καί
711 1612 785 1678 τῶν
800 1611 929 1697 γηίνων
944 1601 1124 1694 ἡκὸλασις,
1147 1609 1363 1694 ἐκδεχομένης
1378 1610 1440 1694 τῆς
1454 1613 1603 1692 κρίσεως.

295 1705 416 1792 ῥηθείη
444 1699 477 1774 θ’
501 1701 544 1774 ἀν
569 1715 625 1776 καὶ
651 1703 737 1793 πρὸς
763 1705 828 1796 τὴν
849 1709 1029 1794 ἐκκλησίαν
1055 1699 1074 1776 ὁ
1096 1701 1206 1794 λόγος,
1228 1699 1304 1794 ἥτις
1326 1707 1398 1774 ἐστὶ
1419 1700 1603 1792 θυγάτηρ

295 1807 358 1891 τῆς
378 1801 484 1874 πάλαι
505 1810 702 1895 συναγωγῆς
723 1802 990 1895 (ιάμεταμέλητα
1012 1803 1074 1896 γὰρ
1104 1805 1148 1876 τὰ
1174 1813 1364 1894 χαρίσματα
1394 1809 1456 1874 τοῦ
1485 1808 1601 1887 θεοῦι,

294 1904 451 1990 ἐξέλιπε
480 1908 516 1974 δὲ
537 1901 663 1993 ταύτης
685 1899 706 1994 ἡ
738 1900 884 1992 ἀνομία
914 1904 969 1976 διὰ
996 1911 1059 1976 τοῦ
1079 1912 1178 1975 θείου
1203 1907 1455 1992 βαπτίσματος),
1482 1897 1526 1990 ἣν
1546 1898 1602 1973 οὗ·

292 2007 366 2072 κε’τι
395 2019 467 2084 τοῖς
496 2004 631 2090 ἐχθροῖς
658 2010 891 2093 παραδίδωσιν
916 2000 936 2076 ὁ
964 2001 1086 2094 φήσας·
1118 1994 1203 2076 »ὦδε
1223 1999 1429 2092 κατοικῆσαι,
1451 1994 1505 2072 ὅτι
1528 1995 1601 2088 ᾑρε-

243 2114 276 2168 15
294 2098 439 2190 τισάμην
461 2096 585 2190 αάτὴνι
610 2107 666 2174 καί
693 2101 734 2174 τὸ
759 2103 852 2174 ιίδού
873 2105 939 2192 ἐγὼ
962 2099 1037 2194 μεθ’
1060 2099 1156 2191 ὑμῶν
1178 2107 1243 2192 είμι
1264 2099 1373 2183 πάσας
1393 2099 1456 2184 τὰς
1477 2095 1601 2190 ἡμέρας

294 2201 358 2283 έαις
384 2205 445 2290 τῆς
471 2209 662 2284 συντελείας
686 2207 751 2274 τοῦ
776 2207 937 2288 αἰῶνοςι,
965 2197 1024 2275 ὅτε
1044 2209 1101 2274 καί
1127 2200 1193 2292 τὴν
1216 2197 1368 2289 ἀσέβειαν
1388 2204 1600 2290 έστηλίτευσε

293 2307 367 2372 τῶν
389 2297 617 2389 φρονούντων
639 2299 681 2373 τὰ
704 2297 810 2392 γὴῑυα.

290 2555 324 2610 28
349 2471 394 2611 208
413 2468 476 2540 Vgl.
494 2469 571 2524 Rom.
585 2472 627 2533 11,
640 2471 681 2526 25.
693 2472 735 2527 26.
753 2501 786 2511 -
805 2471 843 2527 12
862 2471 940 2528 Rbm.
953 2475 993 2536 11,
1005 2471 1046 2528 29.
1064 2503 1097 2512 —
1116 2472 1156 2528 14
1173 2470 1372 2534 Ρεα1.131,14.
1389 2499 1422 2509 -
1442 2469 1480 2526 15
1497 2469 1599 2524 Μείιίὼ.

378 2705 396 2760 2
415 2701 539 2772 έξέτισας
556 2709 605 2762 0¹0
623 2701 763 2776 ἐξαίτησις
780 2706 810 2759 ο*
829 2723 862 2760 τι.
875 2723 898 2760 ε.
911 2706 966 2760 sch.
982 2705 987 2774 Ι
1002 2705 1151 2777 προσθηση
1170 2705 1204 2772 εΙ
1220 2704 1239 2758 4
1256 2699 1397 2772 ἐπιμένεις
1413 2722 1430 2759 ο
1445 2704 1481 2772 Ιθ
1498 2703 1600 2774 ἤγουν

289 2789 305 2859 ἡ
325 2787 398 2862 πρὸς
415 2806 432 2844 o
447 2791 452 2859 Ι
470 2791 484 2847 ί
504 2790 663 2860 γεγονυίας]
676 2788 860 2860 γεναμένηςο
874 2789 880 2860 Ι
894 2783 1073 2846 θάτιολιπὼν
1086 2791 1110 2842 αἱ
1125 2783 1290 2844 ἀπολειπὼν
1302 2788 1352 2842 α*ο
1368 2789 1372 2855 1
1388 2787 1424 2844 Ῑθ
1436 2783 1560 2854 ἐξέλειπε
1573 2806 1598 2844 ο.
