3702 5540
328 412 367 476 30
770 403 909 473 Origene&
927 401 1187 458 Joremiahomssien.

328 565 544 658 σωθήσετακ,
587 571 660 638 »καί
693 561 897 655 γενήσονται
930 571 989 654 μία
1024 570 1165 654 ποίμνη,
1204 561 1252 648 είς
1281 564 1426 656 ποιμὴνι
1464 564 1634 638 διδάσκων

328 664 479 756 δοξάζειν
505 666 569 739 τόν
594 662 859 753 παντοκράτορα
880 663 967 736 θεὸν
988 668 1026 736 ἐν
1048 661 1142 754 ου’τῷ
1174 671 1226 755 τῷ
1249 672 1388 756 Χριστῷ
1409 660 1528 755 Ἰησοῦ,
1559 657 1634 756 ᾧή

328 764 407 855 δόξα
429 774 485 840 καί
506 766 548 838 τὸ
569 762 696 856 κράτυς
719 770 766 848 είς
787 764 868 847 τοῦς
890 769 1019 847 αἰῶνας
1039 773 1115 837 τῶν
1137 763 1285 838 αίῶνων.
1327 761 1436 856 Ἀμήν.

875 1007 1085 1016 --—--—.

241 1201 305 1258 223Ῐ
452 1185 456 1286 ἠ
487 1191 560 1270 Είς
584 1185 631 1260 τὸ
666 1182 994 1283 ἀναστράφητε,
1029 1185 1117 1260 υἱοὶ
1148 1187 1496 1284 ἐπιστρέφοντες,

292 1345 308 1397 5
394 1323 466 1395 καὶ
502 1317 683 1415 ίοίσομαι
719 1318 770 1393 τοὶ
806 1319 1113 1417 συντρίμματα
1146 1319 1286 1414 ὑμῶν(
1325 1321 1451 1419 μέχρι
1484 1329 1562 1396 τοῦ

549 1451 870 1553 »περιζώσασθε
898 1451 1086 1538 σάκκους
1112 1455 1180 1530 ἐπὶ
1203 1451 1406 1538 τοῦτοιςι.

866 1673 1016 1770 Ὁμιλία
1043 1671 1081 1748 ε’.

410 1863 436 1920 1.
457 1856 589 1938 Σαφῶς
609 1855 670 1939 μὲν
692 1855 730 1923 ἐν
752 1868 827 1935 ταῖς
848 1858 922 1924 τῶν
945 1846 1151 1924 ἀποστόλων
1173 1857 1358 1942 γέγραπται
1380 1847 1554 1938 Πράξεσιν,
1578 1843 1634 1922 ότι

325 1953 358 2022 σί
388 1944 576 2022 ἀπόστολοι
601 1946 755 2038 εἰσῄεσαν
784 1958 928 2039 πρῶτον
958 1957 1006 2034 είς
1037 1949 1103 2041 τήν
1133 1958 1208 2022 τῶν
1232 1947 1404 2022 Ἰουδαίων
1434 1949 1633 2039 συναγωγὴν

274 2065 308 2121 10
323 2055 613 2138 καταγγέλλοντες
636 2045 762 2134 αὐτοῖς,
786 2047 834 2134 ῶς
857 2057 1027 2141 συγγενέσι
1048 2049 1103 2122 διὰ
1125 2048 1189 2122 τόν
1209 2045 1351 2139 Ἀβραὰμ
1372 2055 1428 2121 καὶ
1450 2045 1555 2122 Ἰσαάκ
1577 2055 1633 2120 καί

324 2146 452 2237 Ἰακώβ,
484 2157 558 2220 τῶν
590 2155 829 2238 γεγραμμένων
858 2148 901 2221 τά
931 2156 1009 2239 περί
1038 2155 1100 2238 τῆς
1130 2158 1317 2238 παρουσίας
1342 2145 1446 2240 Ἰησοῦ
1473 2154 1632 2239 Χριστοῦ.

325 2243 383 2321 ὅτε
415 2254 450 2319 δέ
479 2251 622 2320 ἐκείνων
649 2245 692 2319 τὰ
719 2243 883 2338 λεγόμενα
909 2249 954 2339 μή
982 2254 1173 2339 δεχομένων
1200 2251 1265 2321 ἔδει
1287 2252 1422 2338 ἐτέρους
1444 2251 1530 2322 είναι
1552 2249 1633 2330 τοῦς

326 2345 495 2437 ἀκροατὰς
516 2354 591 2419 τῶν
612 2353 821 2437 λεγομένων,
843 2345 924 2421 τότε
948 2346 1245 2440 ἀπολογησόμενοι
1266 2353 1408 2432 ἐκείνοις
1429 2357 1632 2439 κατελίμπα-

325 2477 390 2521 νον
412 2442 546 2530 αῦτυῦς·
570 2453 754 2536 γέγραπται
775 2446 840 2537 γὰρ
861 2441 917 2521 ότι
942 2445 1036 2540 »ῦμῑν
1059 2452 1125 2521 ἔδει
1145 2455 1420 2540 καταγγελθῆναι
1441 2447 1505 2521 τόν
1527 2446 1632 2538 λόγον

276 2571 307 2625 15
324 2554 389 2619 τοῦ
410 2551 508 2619 θεοῦ·
538 2550 611 2618 ἐπεὶ
633 2552 668 2618 δέ
689 2543 753 2618 οῦκ
775 2545 889 2634 ἀξίους
909 2556 1041 2638 κρίνετε
1064 2547 1218 2636 ἑαυτούς,
1249 2547 1325 2621 ἰδοῦ
1346 2543 1563 2639 στρεφόμεθα
1585 2555 1631 2630 εἰς

325 2646 368 2718 τὰ
390 2649 505 2735 ἔθνηι.
541 2652 647 2718 τοῦτο
670 2651 706 2717 δέ
728 2653 848 2734 σαφῶς
869 2654 1047 2738 εἰρημένον
1068 2653 1107 2720 ἐν
1128 2665 1202 2732 ταῖς
1223 2645 1368 2738 Πρόξεσι
1389 2655 1463 2720 τῶν
1486 2643 1631 2720 ἀποστό-

325 2758 399 2819 λων
425 2742 565 2836 δυνάμει
592 2752 770 2834 πολλαχοῦ
795 2755 851 2818 καὶ
877 2755 951 2821 τῶν
978 2755 1172 2838 προφητῶν
1194 2755 1359 2820 λέλεκται·
1388 2754 1445 2820 καὶ
1467 2745 1529 2838 γάρ
1551 2773 1632 2835 προ-

323 2853 520 2937 ηγουμένως
544 2852 607 2936 μέν
632 2857 731 2919 λαλεῖ
755 2845 797 2918 τό
823 2853 955 2936 πνεῦμα
982 2849 1024 2922 τό
1051 2843 1150 2938 ἀγιον
1173 2847 1226 2921 διὰ
1248 2855 1322 2921 τῶν
1344 2853 1538 2937 προφητῶν
1560 2864 1632 2928 τοῖς

324 2943 391 3018 ἀπὸ
422 2951 486 3018 τοῦ
513 2953 598 3017 λαοῦ
623 2950 768 3030 ἐκείνου,
801 2952 830 3018 εί
856 2953 894 3019 δέ
917 2977 1003 3020 ποτε
1031 2949 1116 3039 μετὰ
1136 2953 1147 3038 ΙΙ
1167 2947 1209 3020 τό
1236 2946 1349 3020 πολλὰ
1377 2953 1544 3036 εἰρηκέναι
1570 2941 1632 3020 σῦκ
1652 2964 1705 3020 148

272 3067 306 3122 20
323 3042 486 3135 ἠκούσθη,
508 3043 718 3134 προφητεύει
739 3044 804 3118 τόν
826 3041 931 3136 λόγον
952 3049 1017 3121 τόν
1038 3043 1289 3138 κηρυσσόμενον
1311 3065 1385 3130 τοῖς
1406 3048 1528 3119 ἐθνεσι.

410 3149 517 3216 Τοῦτο
540 3149 576 3214 δέ
597 3150 653 3215 καὶ
674 3149 730 3215 ἐπὶ
752 3150 814 3234 τῆς
836 3143 938 3235 ἀρχῆς
959 3154 1023 3219 τοῦ
1044 3145 1190 3238 σήμερον
1213 3143 1480 3236 ἀναγνῶσματος
1502 3152 1633 3236 γεγένη-

323 3275 388 3330 ται,
411 3239 592 3333 ἐπειδήπερ
613 3242 680 3332 πρό
702 3250 765 3334 μέν
789 3251 872 3332 [τοῦ]
896 3242 1003 3319 αῦτσῦ
1024 3266 1098 3330 τοῖς
1121 3245 1188 3320 ἀπὸ
1210 3251 1275 3318 τοῦ
1288 3241 1414 3336 Ἰσραὴλ
1436 3253 1568 3335 λέγεται
1590 3245 1631 3316 τὸ

326 3350 372 3417 »εί
397 3349 454 3415 καί
479 3349 610 3430 πατέρα
634 3369 676 3431 με
700 3350 865 3430 καλέσεις,
894 3353 951 3417 καὶ
979 3343 1040 3418 ἀπ’
1062 3351 1145 3436 ἐμοῦ
1166 3341 1228 3418 οῦκ
1250 3343 1505 3437 ἀποστραφήοη.
1540 3345 1632 3434 πλὴν

323 3442 371 3528 ῶς
394 3439 512 3516 ἀθετεῖ
532 3440 614 3532 γυνὴ
637 3448 684 3526 είς
706 3443 770 3516 τόν
792 3441 941 3518 συνόντα
963 3443 1059 3536 αὐτῇ,
1083 3439 1193 3529 οῦτως
1215 3441 1381 3536 ἠθέτησαν
1403 3453 1451 3530 εἰς
1471 3450 1528 3537 ἐμὲ
1546 3441 1565 3518 ὁ
1585 3447 1631 3517 οἶ-

272 3564 305 3618 25
322 3573 381 3627 κος
403 3539 544 3631 Ἰσραήλ,
575 3548 663 3631 λέγει
684 3541 830 3634 κῦριοςι.
865 3552 921 3617 καὶ
943 3539 1002 3618 ὅτε
1022 3552 1286 3637 προηγουμένως
1306 3551 1414 3618 ταῦτα
1437 3551 1567 3636 εἴρηται
1589 3544 1631 3616 τὰ

323 3651 399 3732 περὶ
425 3647 489 3714 τοῦ
509 3635 635 3732 Ἰσραὴλ
657 3649 713 3715 καὶ
734 3639 885 3733 ἥκουσαν
906 3649 939 3717 σί
960 3650 1028 3718 υἱοὶ
1048 3641 1187 3736 Ἰσραήλ·
1221 3637 1294 3717 »ότι
1315 3641 1477 3735 ἠδίκησαν
1499 3650 1536 3718 ἐν
1557 3663 1631 3726 ταῖς

324 3739 416 3825 δδοίς
438 3738 555 3814 αὐτῶν
577 3748 633 3812 καὶ
648 3739 865 3817 ἐπελάθοντο
880 3751 965 3816 θεοῦ
980 3741 1077 3834 ἀγίου
1091 3739 1238 3830 αῦτῶνι,
1262 3746 1336 3833 ἑξῆς
1352 3752 1428 3832 [καί]
1444 3743 1485 3816 τό
1500 3750 1631 3832 πνεῦμα

323 3843 364 3916 τὸ
392 3835 490 3932 ἀγιον
516 3848 720 3931 μετατίθησι
747 3843 811 3916 τὸν
833 3839 938 3934 λόγον
959 3839 1013 3932 ἐφ’
1035 3840 1121 3935 ἡμᾶς
1143 3846 1224 3926 τοῦς
1247 3841 1314 3916 ἀπὸ
1337 3851 1413 3917 τῶν
1436 3849 1553 3917 ἐθνῶν
1575 3851 1633 3914 καί

323 3965 439 4033 φησιν·
466 3937 724 4031 »ἐπιστράφητε
746 3947 813 4016 υίοὶ
828 3948 1101 4034 ἐπιστρέφοντες,
1123 3950 1179 4016 καί
1193 3941 1328 4034 ίάσομαι
1344 3943 1386 4017 τὰ
1402 3953 1631 4035 συντρίμματα

408 4139 424 4194 1
444 4137 506 4192 3011
519 4138 560 4204 10,
573 4139 614 4193 16.
625 4167 658 4176 -
675 4138 734 4196 su.
748 4137 811 4208 Vgl.
825 4141 886 4193 Aet·
900 4138 940 4205 13,
952 4139 994 4194 46.
1007 4167 1040 4178 -—
1055 4138 1093 4194 14
1104 4141 1167 4194 Δαέ.
1183 4141 1223 4206 13,
1235 4139 1276 4196 46.
1289 4170 1321 4178 -
1334 4139 1374 4195 23
1387 4139 1487 4196 Jerem.
1499 4141 1522 4204 3,
1538 4141 1578 4195 19.
1590 4137 1632 4192 20.

322 4253 355 4264 ·-·
373 4223 413 4280 23
423 4222 523 4277 Jerem
536 4221 560 4288 3,
573 4224 614 4277 21.

408 4397 424 4452 l
444 4394 592 4465 διδάσκων]
611 4402 643 4460 ÷
655 4395 688 4448 ῦη
706 4412 849 4450 commune
863 4397 1000 4466 μομυίυιυ
1018 4415 1101 4452 suum
1118 4398 1144 4453 Η
1162 4398 1167 4467 Ι
1186 4398 1203 4454 2
1220 4395 1442 4470 παντοκράτορα
1460 4395 1542 4467 θεὸν]
1561 4398 1633 4451 auch

322 4483 348 4538 H
365 4481 583 4549 (omipotentem
600 4479 713 4548 Deum)
736 4479 792 4551 ng
805 4479 879 4536 Ηυεέ
897 4481 971 4553 Orig.
983 4483 1017 4546 H,
1029 4484 1053 4549 2,
1067 4484 1091 4552 2,
1103 4484 1137 4540 29
1155 4483 1204 4554 (Lo
1217 4483 1257 4548 22,
1270 4482 1331 4552 208)
1353 4483 1359 4553 Ι
1382 4482 1422 4540 23
1441 4477 1486 4538 ότι
1502 4480 1541 4538 co
1558 4479 1634 4535 Lxx

324 4566 356 4635 ἠν
369 4565 386 4620 S
401 4567 406 4634 1
421 4563 455 4620 27
473 4565 522 4618 καί
534 4563 648 4619 streicht
660 4563 748 4619 Βίεεε.
