3702 5540
479 488 506 542 C.
525 488 576 542 Die
594 486 752 557 Erklbrung
769 486 818 542 der
836 485 955 541 Samuel·
975 487 1030 539 und
1050 487 1264 556 Kbnigsbiicber.
1460 507 1528 552 xnv

217 654 269 722 κα’
293 647 430 737 Ψαλμόν
453 705 548 720 .....
570 647 775 740 μεμνήμεθα,
800 653 864 737 εέγε
887 646 1081 738 μεμνήμεθα
1098 657 1170 720 τῶν
1185 653 1289 738 ἱερῶν
1305 645 1526 736 γραμμάτων·

216 755 383 839 μέμνημαι
405 746 469 836 γάρ
491 746 607 819 αὐτῶν
634 753 821 837 εἰρημένων
842 752 888 830 εἰς
909 748 973 819 τδν
994 748 1046 817 κά
1077 744 1215 837 Ψαλμόν
1237 755 1318 818 doeh
1340 753 1425 819 wohl
1446 753 1526 816 eueh

219 857 254 919 in
276 854 428 920 Caesarea
453 856 532 919 nach
559 851 734 918 Absehluss
761 857 817 918 der
841 852 1130 936 Pselmenexegese,
1157 853 1223 918 else
1245 855 1325 917 neeh
1353 857 1411 918 241
1439 851 1528 933 (oder

217 958 299 1019 244?
313 953 377 1038 vgl.
392 952 422 1019 S.
438 951 478 1036 Χ)
502 952 648 1037 gehelten
662 954 713 1026 isi,
731 953 886 1017 riehteten
900 952 976 1030 sich,
991 973 1098 1016 ausser
1111 953 1260 1018 meneher
1272 951 1451 1016 indirekien
1466 951 1528 1015 Ρο-

218 1051 323 1130 lemils,
339 1052 398 1116 mii
419 1051 545 1118 Nemen
566 1055 616 1117 die
639 1051 901 1136 Oegensehristen
931 1053 985 1116 des
1015 1050 1196 1116 Methodius
1226 1053 1291 1116 und
1315 1051 1526 1116 Ευε1ο11εἱυε.1

218 1149 341 1216 Weber
359 1151 408 1216 die
424 1151 589 1218 Verfesser
603 1154 659 1218 der
673 1151 816 1216 Kebenen
830 1149 898 1214 ihre
913 1147 1103 1233 Fragmenta
1118 1151 1229 1230 baben,
1250 1152 1293 1216 isi
1314 1153 1401 1216 nieht
1416 1151 1527 1224 sieher,

218 1250 300 1315 doeh
309 1249 387 1314 wird
397 1273 469 1315 men
479 1250 900 1335 ungeruzuRedepennings
910 1250 1075 1332 (Origenes
1091 1249 1130 1328 11,
1147 1255 1218 1332 193)
1236 1249 1444 1334 „beilfiufigen
1460 1251 1526 1316 An-

218 1348 421 1433 merlmngen,
449 1351 500 1414 die
526 1352 594 1416 sieh
621 1351 733 1433 gewiss
760 1349 838 1414 fiber
863 1347 924 1412 elle
951 1348 1128 1413 biblisehen
1154 1349 1281 1415 Bsreber
1304 1349 1526 1424 erstreekieffl,

218 1449 303 1514 seine
324 1447 470 1512 Zufluebb
490 1451 633 1513 nebmen.

238 1637 278 1704 II.
308 1639 377 1704 Die
403 1623 703 1722 Oberlieferung
728 1640 802 1702 und
828 1639 887 1703 die
913 1639 1117 1722 Ausgaben
1147 1641 1211 1703 der
1237 1638 1507 1722 griechiseben

413 1743 632 1828 Erklfirung
658 1747 723 1810 der
743 1743 911 1810 Samuel·
933 1746 1008 1809 und
1030 1744 1331 1828 Kbnigsbfieber.

303 1871 327 1929 1.
349 1861 534 1927 Eusbebhius
566 1883 626 1926 von
655 1860 848 1926 Antiochien
874 1861 1012 1926 schreibt
1033 1885 1073 1924 au
1095 1860 1268 1944 Eutropius
1291 1862 1321 1926 S.
1344 1865 1394 1935 22,
1410 1860 1505 1928 2ffi:¹

428 1963 546 2042 σαφῶς
567 1952 749 2042 άκριβῶσαι
771 1951 883 2038 βούλει
904 1962 979 2038 πῶς
1002 1953 1044 2025 δν
1066 1956 1172 2044 ἔχοιμι
1194 1956 1328 2044 γνώμης
1349 1955 1444 2025 ἕνεκα
1466 1961 1527 2044 τῆς

427 2052 696 2143 ἐγγαστριμύθου
718 2059 779 2142 τῆς
801 2059 837 2124 ἐν
860 2059 902 2140 τῇ
924 2055 1046 2143 πρώτη
1069 2061 1142 2125 τῶν
1165 2059 1353 2124 Βασιλειῶν
1375 2057 1526 2140 ἱστορου-

429 2159 541 2243 μένης·
564 2151 605 2225 ori
626 2155 689 2243 γάρ
711 2150 910 2239 ἀρέσκεσθαι
933 2153 1000 2243 φὴς
1021 2152 1073 2238 οἷς
1100 2158 1263 2240 ἐξέδωκεν
1288 2148 1454 2243 Ὠριγένης
1481 2159 1527 2236 εἰς

428 2251 531 2342 τήνδε
560 2252 624 2344 τὴν
652 2249 826 2324 ὑπόθεσιν.
856 2249 897 2322 οδ
917 2253 985 2342 μὴν
1014 2249 1088 2325 ἀλλ’
1118 2255 1223 2342 ἔγωγε
1250 2261 1307 2322 καὶ
1336 2251 1460 2334 ἄλλους
1489 2244 1526 2322 εὖ

429 2347 496 2424 οἷδ’
520 2345 575 2422 δτι
596 2359 830 2442 μεμφομένους
851 2347 913 2422 οάκ
936 2347 1071 2444 ὀλίγους
1103 2349 1155 2438 ἐφ’
1186 2353 1237 2435 οἷς
1266 2349 1414 2440 ιδρὶσατο
1443 2379 1526 2439 προ-

427 2459 556 2539 χείρως,
586 2449 672 2522 ἀλλὰ
702 2457 817 2538 συχνοὶ
846 2457 907 2541 μέν
935 2456 1018 2522 εἰσιν
1050 2455 1082 2524 οἱ
1111 2448 1312 2537 δακνόμενοι
1334 2450 1396 2534 τὰς
1417 2449 1526 2538 ψυχὰς

428 2546 653 2639 άσγάλλοντες
681 2548 722 2621 οδ
752 2558 908 2640 μετρίως·
937 2547 1007 2621 ἔσθ’
1038 2545 1096 2621 ὅτε
1123 2558 1160 2622 δέ
1185 2579 1275 2633 τινες
1302 2550 1353 2633 οἷς
1380 2553 1527 2639 ἔγραψεν

428 2654 554 2732 ἐκεῖνος
583 2647 779 2739 ὑπάγονται,
815 2657 857 2736 τῇ
884 2648 1099 2740 προλαβοάοη
1121 2655 1305 2740 δοξοκοπίᾳ
1327 2651 1413 2741 ῥᾷον
1436 2647 1526 2720 άντι-

429 2756 574 2838 θέμενοι,
602 2758 657 2820 καὶ
684 2770 756 2832 τοῖς
779 2744 919 2839 ὀνόμασι
936 2756 1077 2838 μᾶλλον,
1106 2745 1178 2820 ἀλλ’
1201 2746 1242 2820 οὐ
1264 2768 1336 2831 τοῖς
1357 2745 1527 2838 πράγμασι

428 2855 654 2937 προσέχοντες
683 2847 731 2934 ὥς
760 2855 844 2922 δέον.
882 2845 923 2921 ἵν’
953 2843 1015 2920 οὖν
1042 2849 1087 2938 μὴ
1117 2846 1248 2936 δόξαιμι
1279 2843 1357 2918 κατ’
1380 2845 1527 2936 ἐμαυτὸν

429 2944 545 3036 άγῶνα
561 2947 734 3020 δικανικὸν
750 2947 901 3037 εἰσάγειν,
918 2947 980 3020 οὐκ
994 2945 1167 3020 άνοίκειον
1183 2945 1323 3036 ἡγοῦμαι
1338 2953 1450 3019 πᾶσαν
1465 2953 1526 3035 μὲν

430 3041 514 3135 ὁμοῦ
536 3054 686 3133 συζεῦξαι
708 3048 772 3138 τὴν
794 3047 948 3138 ἐξήγησιν
969 3047 1076 3119 αὐτοῦ
1099 3053 1178 3134 τῇδε
1198 3053 1240 3134 τῇ
1256 3055 1318 3118 τοῦ
1333 3043 1526 3136 γράμματος

428 3143 604 3239 δπαγορὶᾳ.
628 3144 673 3218 δι’
697 3149 858 3236 ἑκατέρου
880 3155 914 3218 δὲ
937 3155 1110 3236 τρανῶοαι
1131 3147 1172 3218 τδ
1194 3153 1307 3234 σαφές.

302 3248 367 3314 Der
381 3249 639 3335 Verstbndigkeib
660 3255 715 3317 des
729 3252 915 3318 Eusbeihius
934 3253 1113 3319 verdanken
1129 3254 1186 3315 wir
1199 3252 1265 3317 else
1282 3252 1332 3316 die
1347 3251 1527 3333 Erbelbung

221 3349 322 3413 dieser
342 3348 482 3416 Homilie
504 3353 559 3416 des
582 3351 742 3434 Origenes.

303 3448 362 3514 Die
391 3449 512 3534 einzige
541 3451 754 3535 selbstfindige
783 3451 996 3530 Hendsebrist.
1026 3451 1145 3516 welche
1174 3450 1279 3516 beides
1309 3449 1446 3529 emhilt,
1476 3449 1527 3513 die

219 3546 359 3613 Homilie
380 3551 435 3613 des
448 3548 598 3633 Origenes
613 3553 678 3614 und
692 3551 742 3614 die
757 3549 1117 3636 Widerlegungssebrist
1131 3554 1185 3615 des
1199 3549 1394 3628 Eusiebbius,
1414 3549 1458 3614 isi
1472 3551 1528 3614 der

301 3651 368 3714 οοδ
390 3649 513 3714 Menae.
536 3669 580 3732 gr.
603 3655 660 3717 ³31
685 3649 744 3732 (Μ)
766 3651 895 3715 membr.
916 3673 996 3716 seeo.
1016 3651 1071 3716 X.²

218 3745 335 3811 Inbelt:
361 3747 389 3831 1)
411 3747 466 3813 fol.
491 3756 505 3812 1
532 3749 701 3830 Κυρίλλου
723 3739 987 3832 άρχιεπισκόπου
1007 3743 1240 3834 άλεξανδρεὶας
1261 3751 1337 3832 περὶ
1353 3749 1414 3832 τῆς
1430 3737 1527 3831 άγέας

218 3847 275 3910 καὶ
297 3833 478 3929 δμοουσίου
500 3839 637 3930 τριάδος
680 3849 710 3929 2)
732 3848 785 3912 fol.
804 3857 860 3915 174
875 3839 1062 3933 Ὠριγένους
1078 3851 1124 3926 εἰς
1139 3843 1203 3934 τὴν
1218 3851 1292 3914 τῶν
1310 3849 1490 3925 βασιλειῶν
1505 3851 1526 3911 ἆ

219 3945 251 4026 3)
272 3945 326 4010 fol.
350 3951 408 4012 179
436 3947 499 4012 τοῦ
520 3939 617 4030 άγὶου
639 3939 822 4014 εὕοταδέου
842 3941 1106 4034 άρχιεπισκάπου
1127 3941 1317 4032 άντιοχεὶας
1338 3940 1426 4013 κατὰ
1449 3937 1526 4029 τάρι-

220 4043 337 4126 γένους
359 4041 601 4127 διαγνωστικὸς
629 4046 674 4124 εἰς
697 4041 737 4112 τὸ
759 4048 818 4131 τῆς
840 4043 1109 4133 ἐγγαστριμύθου
1130 4043 1293 4132 θεώρημα
1335 4049 1367 4128 4)
1390 4046 1443 4111 fol.
1466 4051 1524 4112 201

220 4142 283 4206 τοῦ
296 4133 394 4226 άγὶου
407 4149 588 4228 γρηγορίου
603 4137 791 4213 ἐπισκόπου
806 4141 906 4232 νδσης
929 4143 1092 4231 ἐπιστολὴ
1108 4141 1161 4214 διὰ
1177 4142 1242 4230 τὴν
1256 4147 1526 4230 ἐγγαστρίμυδον

223 4263 431 4272 —--.-——-..-

306 4311 315 4346 ¹
333 4307 494 4364 Eusbebbiue
507 4307 574 4363 wird
587 4310 678 4366 eitierb
689 4312 761 4366 nech
773 4312 821 4366 der
832 4311 962 4382 Ausgebe
972 4329 1027 4367 von
1041 4315 1072 4366 Δ.
1085 4312 1158 4367 Jahn
1170 4311 1200 4366 in
1216 4311 1266 4365 TU
1279 4312 1339 4378 11‚4
1352 4309 1426 4366 1886.
1462 4307 1525 4378 Vgl.

218 4390 348 4460 fibrigene
361 4393 386 4447 S.
399 4393 456 4457 288,
470 4393 535 4449 1111.
548 4397 619 4465 App.
632 4395 699 4450 bber
712 4395 756 4451 die
764 4395 860 4467 Frage,
873 4396 908 4452 ob
921 4396 1052 4468 Origenes
1063 4397 1136 4452 noeh
1147 4395 1208 4449 eine
1220 4394 1316 4450 zweite
1323 4391 1443 4448 Homilie
1456 4394 1526 4447 fiber

219 4473 344 4529 dasselbe
355 4476 460 4532 Thema
471 4477 602 4548 gehelten
615 4479 671 4534 heb

220 4561 320 4696 XXV}
334 4559 420 4614 Cetel.
438 4560 522 4615 Codd.
539 4579 602 4616 mss.
620 4563 686 4619 bibl.
704 4581 760 4634 reg.
778 4563 839 4619 ber.
857 4563 899 4619 ed.
918 4564 942 4621 J.
955 4565 1051 4620 Herdt.
1076 4565 1122 4628 111,
1132 4563 1266 4620 319-321
1278 4563 1326 4616 'I'U
1339 4563 1374 4630 11,
1385 4563 1410 4629 4,
1423 4559 1488 4615 XIII
1498 4561 1526 4615 ff.
