3768 5544
316 479 374 540 114
757 471 896 543 Origenes'
916 471 1177 528 Jorm'ahomssien.

313 635 474 706 ἐναντίον
498 630 607 707 αὐτοῦ
629 631 677 717 σός
698 640 846 720 παιδίον,
875 632 923 718 αός
945 638 1019 724 ῥίζα
1040 640 1077 707 ἐν
1099 642 1142 725 γῇ
1164 631 1312 721 διφοόση·
1355 636 1488 722 εἴδομεν
1510 627 1626 716 αὐτόν,

313 739 367 804 καὶ
391 729 453 804 οὐκ
469 733 556 822 εἶχεν
571 737 660 818 είδος
676 731 754 809 οάδέ
768 731 903 820 κάλλος,
927 732 1013 807 ἀλλά
1028 734 1069 807 τό
1086 737 1175 818 είδος
1190 729 1297 806 αὐτοῦ
1312 731 1446 821 ἄτιμον,
1469 737 1626 804 ἐκλεῖπον

313 832 404 924 παρὰ
431 837 513 918 τούς
539 835 634 917 υἱοὺς
656 841 729 906 τῶν
750 831 961 923 ἀνθρώπων.
1003 834 1192 924 ἄνθρωπος
1214 839 1250 906 ἐν
1272 837 1283 922 ]
1305 839 1416 921 πληγῇ
1437 823 1490 904 όιν
1511 839 1567 902 καί
1589 835 1626 903 ἐν
1644 847 1695 902 214

313 927 413 1022 πόνῳ
442 941 499 1006 καί
526 935 624 1016 είδοός
655 941 771 1024 φέρειν
799 943 981 1023 μαλακίαν,
1013 928 1068 1006 ότι
1101 931 1334 1021 ἀπέστραπται
1365 930 1406 1003 τό
1437 927 1626 1020 πρόσωπον

279 1046 295 1098 5
314 1028 420 1104 αὐτοῦ
444 1030 512 1106 ἀπὸ
536 1030 682 1124 ἀτιμίας,
705 1030 876 1126 η’τιμάσθη
898 1041 954 1106 καί
977 1030 1039 1108 οὐκ
1060 1039 1233 1122 ἐλογίσθη.
1276 1024 1379 1115 οὗτος
1400 1029 1462 1113 τάς
1483 1026 1625 1116 ἀνομίας

312 1126 411 1220 ἡμῶν
443 1139 537 1222 φέρει
565 1141 622 1206 καί
652 1142 730 1224 περὶ
760 1131 857 1224 ἡμῶν
880 1129 1052 1218 όδυνᾶται,
1080 1139 1137 1205 καί
1158 1127 1249 1222 ἡμεῖς
1271 1128 1495 1219 ἐλογισάμεθα
1518 1128 1624 1203 αὐτὸν

313 1232 398 1302 εἶναι
421 1234 457 1302 ἐν
479 1227 578 1322 πόνῳ
598 1238 655 1304 καί
676 1237 713 1304 ἐν
734 1242 848 1324 πληγῇ
869 1241 925 1306 καί
947 1241 985 1306 ἐν
1006 1233 1160 1306 κακώσει.
1196 1228 1299 1316 αὐτὸς
1319 1237 1354 1303 δέ
1372 1235 1624 1320 ἐτραοματίσθη

312 1330 367 1401 διά
398 1329 459 1412 τάς
490 1327 630 1420 ἀνομίας
661 1327 770 1422 ἡμῶν,
801 1341 857 1405 καί
887 1330 1129 1425 μεμαλάκισται
1160 1332 1215 1404 διά
1245 1331 1307 1415 τὰς
1329 1327 1493 1453 ἀμαρτίας
1514 1325 1623 1419 ἡμῶν·

312 1435 447 1502 παιδεία
473 1427 650 1521 εἰρήνης’
629 1439 732 1554 ημῶν
749 1429 806 1503 ἐπ’
829 1430 945 1520 αὐτόν,
967 1442 1018 1525 τῷ
1041 1435 1186 1522 μώλωπι
1208 1427 1315 1502 αὐτοῦ
1336 1427 1429 1551 ἡμεῖς
1450 1427 1624 1520 ἰάθημενι.

261 1541 294 1596 10
312 1525 438 1602 οδκοῦν
460 1527 601 1617 ἀνέλαβε
623 1531 689 1622 τὴν
711 1527 891 1605 ἀσθένειαν
914 1541 987 1606 τῶν
1010 1529 1262 1623 ἁμαρτημάτων
1278 1527 1445 1620 ἡμῶνκαὶ
1460 1527 1622 1617 ἐφόρεσεν

311 1624 396 1718 ἡμᾶς
425 1635 481 1701 καὶ
511 1621 598 1720 ἦλθε
628 1629 714 1719 πρός
744 1633 826 1716 τοὺς
846 1640 1110 1724 καταρωμένους
1132 1628 1252 1717 αὐτόν,
1282 1625 1382 1700 xaz‘
1361 1657 1382 1718 η
1403 1627 1494 1716 ἐσχύς
1515 1623 1624 1699 αὐτοῦ

311 1725 509 1814 ἐξέλιπεν’
488 1727 556 1801 απὸ
583 1738 657 1802 τῶν
684 1729 981 1851 κα.ταρωμένων’
961 1763 1009 1805 απ
1052 1729 1210 1820 ου’ρανῶν
1234 1737 1512 1814 καταβαίνοντος.
1555 1722 1622 1816 ἀμα

311 1824 374 1915 γάρ
406 1823 548 1912 ἀνέλαβε
577 1828 642 1919 τὴν
672 1837 736 1902 τοῦ
766 1831 892 1904 δούλου
919 1831 1057 1923 μορφὴν
1087 1837 1142 1903 καί
1174 1827 1297 1902 ἑαυτὸν
1327 1831 1499 1912 ἐκένωσεν,
1531 1823 1621 1910 ιόςό

311 1922 505 2010 ἀπόστολος
540 1923 689 2002 elacsv⁰
669 1959 724 2002 οτι
763 1934 993 2003 »ἐκένωσεν
982 1929 1105 2004 εαυτόν
1140 1928 1278 2019 μορφὴν
1313 1926 1439 2000 δούλου
1475 1927 1619 2012 δαδώνθ

225 2040 293 2095 273v
314 2031 502 2113 »ἐξέλιπενι
529 2020 592 2100 οὖν
614 2051 716 2119 φησιν
741 2025 780 2120 »6
802 2030 893 2119 ίσχός
914 2059 980 2121 μου
999 2037 1037 2104 ἐν
1059 2049 1133 2113 τοῖς
1154 2032 1419 2117 καταρωμένῖιῑς
1439 2055 1507 2116 μμ·

395 2137 441 2199 10.
467 2122 605 2212 Ιδωμεν
637 2134 666 2199 εέ
694 2126 801 2202 αὐτοῦ
832 2128 989 2216 διδόντος
1018 2138 1082 2203 τοῦ
1113 2128 1218 2250 λόγρυ
1247 2127 1420 2217 δυνάμεθα
1449 2133 1504 2199 καί
1534 2125 1619 2197 ἀλλο

309 2222 520 2314 σαφέστερόν
542 2257 576 2299 τι
597 2228 689 2316 παρὰ
711 2228 755 2301 τά
776 2235 931 2320 εἰρημένα
952 2238 1059 2304 εἰπεῖν
1082 2236 1128 2314 εἰς
1150 2227 1191 2300 τὸ
1217 2257 1255 2318 »η
1245 2224 1368 2347 Ἵσχός
1385 2254 1453 2315 μου
1468 2229 1619 2312 ἐξέλιπεν

309 2327 347 2394 ἐν
368 2343 441 2408 τοῖς
456 2335 707 2446 καταρωμένοις
721 2357 789 2418 μει.
829 2323 889 2419 »ἦν
905 2331 946 2403 τὸ
963 2339 1039 2420 φῶς
1053 2328 1095 2402 τὸ
1110 2325 1289 2418 ἀληθινόν,
1312 2355 1331 2398 ο
1314 2321 1489 2414 “φωτίζει
1503 2323 1619 2397 πάντα

309 2421 501 2514 ἄνθρωπον
528 2423 711 2546 ἐρχόμενον
738 2434 784 2512 είς
810 2429 875 2502 τόν
901 2427 1058 2550 κόσμονι.
1105 2426 1185 2517 <ιτό
1213 2435 1289 2515 φῶς
1315 2427 1357 2499 τὸ
1381 2423 1567 2516 ἀληθινὸν(
1598 2419 1617 2494 6

257 2535 292 2592 20
309 2517 380 2605 υίός
408 2527 480 2595 ἐστι
502 2532 565 2597 τοῦ
587 2532 680 2612 θεοῦ,
705 2521 743 2598 »6
766 2538 908 2617 φωτίζει
929 2525 1045 2602 πάντα
1067 2527 1260 2617 ἄνθρωπον
1280 2523 1464 2618 ἐρχόμενον
1485 2531 1531 2608 εἰς
1554 2524 1617 2596 τὸν

308 2617 482 2712 κόσμονι]
517 2618 615 2695 καί”
596 2655 633 2709 ος
655 2631 726 2697 ἐστι
748 2627 892 2717 λογικός,
914 2636 1042 2718 μετέχει
1064 2636 1128 2700 τοῦ
1151 2625 1317 2716 ἀληθινοῦ
1333 2624 1459 2714 φωτός
1482 2623 1617 2714 λογικός

308 2725 345 2791 δέ
364 2725 435 2793 ἐστι
456 2730 522 2807 πᾶς
544 2723 741 2811 ἄνθρωπος.
777 2735 851 2800 τῶν
873 2722 935 2800 οὖν
956 2725 1173 2818 μετεχόντων
1196 2724 1301 2815 λόγου
1322 2722 1467 2797 πάντων
1481 2720 1617 2812 ἀνθρω-

306 2848 385 2891 ποον
415 2827 453 2894 ἐν
482 2831 548 2894 τισί
577 2821 691 2912 μὲν
671 2854 692 2915 η
722 2828 813 2916 ἰσχὺς
843 2835 907 2900 τοῦ
936 2826 1043 2918 λόγου
1073 2819 1228 2917 ηὔξησεν,
1259 2829 1296 2897 ἐν
1317 2832 1384 2896 τισί
1407 2831 1442 2896 δέ
1463 2829 1616 2896 ἐκλείπει

306 2918 366 2991 ἐὰν
387 2927 449 3010 μὲν
470 2927 543 3012 ίδης
565 2923 677 3014 φυγὴν
698 2931 835 3017 ἐμπαθῆ
856 2936 912 3000 καί
934 2923 1150 3018 ἀμαρτωλόν,
1173 2919 1249 3014 ὄφει
1271 2930 1340 2997 ἐκεῖ
1359 2923 1424 3013 τὴν
1444 2924 1539 3013 ἰσχὺν
1553 2931 1617 3046 τρῦ

254 3032 287 3086 25
305 3016 413 3109 λόγου
434 3023 686 3096 ἐπιλείπουσαν·
722 3024 782 3099 ἐὰν
804 3033 839 3098 δέ
861 3031 934 3115 ιδης
954 3025 1068 3116 φυγὴν
1091 3021 1189 3115 ἀγίαν
1210 3031 1265 3096 καί
1286 3030 1429 3105 δικαίαν,
1453 3017 1529 3110 όψει
1551 3023 1615 3114 τὴν

303 3119 399 3207 ίσχύν
429 3128 494 3192 τοῦ
524 3119 628 3212 λόγου
658 3119 818 3215 ὁσημέραι
848 3133 1153 3250 καρποφοροῦσαν,
1188 3133 1243 3195 καί
1274 3124 1315 3196 τὸ
1340 3131 1516 3213 εἰρημένον
1538 3130 1614 3213 περί

303 3211 409 3308 Ἰησοῦ
430 3219 643 3344 666966669·
653 3243 725 3308 τοῖς
748 3231 896 3310 δικαίοις.
933 3224 975 3298 06
996 3227 1059 3317 γὰρ
1080 3221 1160 3297 καθ
1175 3221 1282 3297 αὐτόν
1301 3221 1409 3313 μόνον
1435 3218 1471 3295 »6
1492 3219 1613 3313 Ἰησοῦς

303 3323 520 3404 προέκοπτεν
540 3325 578 3394 ἐν
558 3330 643 3412 ντῇ
666 3333 768 3450 σοφίᾳ
788 3332 845 3396 καὶ
868 3322 980 3419 ἡλικίᾳ
1005 3333 1060 3398 καί
1082 3321 1193 3414 χάριτι
1212 3323 1303 3412 παρά
1317 3329 1389 3413 θεῷ
1405 3330 1460 3394 καί
1478 3319 1611 3410 ἀνθρώ-

302 3445 418 3504 ποιςι,
442 3416 528 3491 ἀλλά
554 3429 611 3492 καί
637 3424 711 3494 ἐν(
700 3421 830 3514 εκάστφ
854 3454 928 3496 των
950 3425 1013 3515 τὴν
1035 3422 1217 3513 προκοπὴν
1239 3428 1275 3494 ἐν
1297 3393 1401 3514 σοφίᾳ
1422 3429 1478 3492 καί
1501 3418 1611 3545 62666

249 3536 284 3592 30
301 3523 358 3588 καί
387 3515 499 3606 χάριτι
530 3527 814 3612 παραδεχομένων
844 3520 1034 3612 προκόπτει
1068 3520 1207 3612 »Ἰησοῦς
1233 3527 1271 3596 ἐν
1295 3531 1399 3615 σοφίᾳ
1420 3529 1477 3592 καὶ
1499 3518 1611 3614 ἡλικίᾳ

386 3755 425 3811 11
441 3756 512 3811 Phil.
530 3758 554 3822 2,
568 3760 591 3812 7.
609 3788 642 3799 -
663 3759 735 3818 1811.
753 3761 814 3816 Joh.
828 3766 852 3828 1,
865 3763 889 3818 9.
907 3793 940 3802 -
959 3760 1010 3820 22.
1029 3761 1247 3827 801α1.2,52.

383 3973 400 4030 1
427 3971 549 4045 διψώσῃ]
573 3983 605 4041 -Ι-
628 3975 693 4032 Non
714 3985 753 4034 εει
774 3980 875 4048 speeies
896 3981 925 4034 ω’
944 3996 1028 4049 neque
1047 3979 1140 4047 ρίονία
1157 3979 1183 4032 Η
1205 3977 1433 4034 wahrseheinlioh
1454 3976 1556 4048 richtig
1570 3977 1609 4046 12

296 4052 409 4127 ἀτιμον]
429 4066 461 4124 -Ι-
479 4059 540 4113 ιῖΗ
564 4061 569 4129 Ι
592 4059 612 4116 4
629 4063 687 4132 καί]
706 4072 740 4123 <
751 4062 778 4116 H
802 4064 806 4131 Ι
830 4056 876 4120 ότι
892 4065 966 4119 nach
975 4062 1048 4118 Lxx
1065 4081 1091 4117 u.
1110 4061 1148 4116 H:
1166 4062 1235 4131 ηιιιά
1252 4056 1331 4118 {ins
1351 4065 1355 4130 Ι
1374 4063 1391 4118 6
1411 4059 1468 4118 ἀπὸ
1487 4057 1610 4130 ἀτιμίας]

295 4140 418 4200 <Lxx
435 4141 462 4195 Η
485 4145 490 4212 Ι
514 4139 646 4215 ἀνομίας]
660 4151 772 4214 ματερία
783 4147 810 4202 Η
828 4149 871 4216 (=
888 4144 1039 4221 ἁμαρτίας]
1063 4151 1068 4216 Ι
1094 4149 1109 4202 1
1130 4147 1220 4220 πδνιμ]
1237 4147 1377 4202 doloribus
1388 4145 1414 4199 Η
1438 4147 1441 4213 Ι
1460 4145 1478 4201 8
1495 4144 1540 4201 διὰ
1558 4145 1610 4211 τάς

295 4222 418 4295 ἀνομίας
440 4226 530 4297 ἡμῶν]
553 4238 587 4288 <
600 4227 626 4281 Η
649 4231 655 4298 Ι
679 4225 830 4303 ἁμαρτίας]
852 4233 1016 4302 iniquitates
1033 4231 1059 4285 Η
1082 4233 1125 4300 Ι-
1147 4228 1270 4301 ἀνομίας
1287 4249 1320 4285 w.
1333 4247 1356 4288 ε.
1368 4230 1434 4298 sch.)
1458 4231 1463 4299 1
1488 4229 1528 4286 18
1550 4231 1607 4298 καί]

300 4310 417 4366 Verbum
435 4328 498 4366 caro
514 4313 621 4380 sactum
633 4312 659 4367 Η
673 4315 678 4383 1
695 4315 731 4370 Ῑδ
748 4310 863 4386 ἴδωμεν]
881 4324 915 4382 -Ι-
932 4323 1023 4373 autem
1035 4317 1060 4370 H
1075 4317 1080 4381 Ι
1097 4316 1183 4384 17118
1201 4313 1328 4386 είς-με]
1341 4324 1374 4374 <
1385 4314 1413 4369 Η
1427 4315 1431 4380 Ι
1448 4313 1554 4370 12-21
1574 4311 1607 4369 τὸ

293 4395 444 4466 -κόσμον
469 4398 541 4452 nach
561 4397 597 4453 H:
625 4397 689 4453 Ικιπ
713 4417 778 4454 τινα
799 4401 893 4456 Filius
918 4409 957 4457 est
982 4401 1045 4468 Dei,
1067 4399 1143 4470 ’ροσε
1169 4399 1312 4454 illuminat
1338 4415 1445 4453 onmem
1469 4397 1609 4452 hominem

294 4483 441 4536 ντκιλιιιῖιια
462 4483 495 4536 in
516 4483 653 4537 mundum
676 4485 680 4552 Ι
705 4485 742 4540 21
763 4487 820 4555 καί]
839 4487 909 4546 <H
933 4489 937 4558 Ι
962 4486 1002 4543 24
1019 4485 1081 4556 μἐν]
1099 4484 1129 4542 δὲ
1141 4485 1158 4539 S
1176 4483 1247 4545 <Η
1270 4485 1275 4552 Ι
1299 4483 1336 4539 2δ
1353 4481 1606 4554 καρποφοροῦσαι]

289 4565 421 4632 proficiat
437 4571 462 4620 τί
479 4571 580 4622 crescat
595 4568 628 4621 ιἰι
640 4585 673 4623 εα
684 4567 709 4622 Η
723 4571 789 4639 (ng.
802 4571 864 4626 Kol.
878 4574 903 4640 1,
915 4572 958 4640 10)
974 4573 979 4640 Ι
995 4571 1032 4629 21
1051 4567 1225 4644 ἐφαρμόσας
1242 4569 1314 4623 nach
1332 4567 1369 4621 H:
1393 4565 1503 4636 aptabis
1521 4563 1605 4638 ἐφαρ-

291 4647 375 4714 μόσει
399 4649 416 4703 S
440 4655 445 4720 Ι
467 4658 528 4717 τοῖς
544 4652 673 4722 δικαίοις]
692 4655 720 4708 σι’
731 4653 757 4708 Η
772 4655 776 4722 Ι
793 4655 830 4710 28
847 4653 887 4726 ἐν]
906 4666 940 4717 <
951 4657 976 4710 Η
993 4657 997 4724 Ι
1013 4655 1052 4712 22
1072 4653 1102 4710 ἐν
1120 4655 1218 4728 σοφίᾳ]
1236 4653 1375 4722 sapientia
1386 4651 1420 4706 H.
