<?xml version="1.0" encoding="UTF-8"?>
<!DOCTYPE html PUBLIC "-//W3C//DTD XHTML 1.0 Transitional//EN"
    "http://www.w3.org/TR/xhtml1/DTD/xhtml1-transitional.dtd">
<html xmlns="http://www.w3.org/1999/xhtml" xml:lang="en" lang="en">
 <head>
  <title>
</title>
<meta http-equiv="Content-Type" content="text/html;charset=utf-8" />
  <meta name='ocr-system' content='tesseract 3.04.00' />
  <meta name='ocr-capabilities' content='ocr_page ocr_carea ocr_par ocr_line ocrx_word'/>
</head>
<body>
  <div class='ocr_page' id='page_1' title='image "./diegriechischen01unkngoog/diegriechischen01unkngoog_0096.png"; bbox 0 0 3702 5540; ppageno 0'>
   <div class='ocr_carea' id='block_1_1' title="bbox 665 453 1568 536">
    <p class='ocr_par' dir='ltr' id='par_1_1' title="bbox 665 453 1568 536">
     <span class='ocr_line' id='line_1_1' title="bbox 665 453 1568 536; baseline 0.008 -16"><span class='ocrx_word' id='word_1_1' title='bbox 665 467 784 524; x_wconf 70' lang='lat' dir='ltr'><strong>Homine</strong></span> <span class='ocrx_word' id='word_1_2' title='bbox 802 467 835 522; x_wconf 85' lang='lat' dir='ltr'><strong><em>v.</em></strong></span> <span class='ocrx_word' id='word_1_3' title='bbox 871 453 1010 534; x_wconf 76' lang='lat' dir='ltr'><strong>Jerem.&#39;3,</strong></span> <span class='ocrx_word' id='word_1_4' title='bbox 1029 469 1121 536; x_wconf 81' lang='lat'>22-4‚</span> <span class='ocrx_word' id='word_1_5' title='bbox 1139 469 1165 524; x_wconf 83' lang='lat'><strong><em>8.</em></strong></span> <span class='ocrx_word' id='word_1_6' title='bbox 1528 474 1568 536; x_wconf 82' lang='lat'><strong><em>35</em></strong></span> 
     </span>
    </p>
   </div>
   <div class='ocr_carea' id='block_1_2' title="bbox 179 628 1639 3812">
    <p class='ocr_par' dir='ltr' id='par_1_2' title="bbox 179 628 1639 3812">
     <span class='ocr_line' id='line_1_2' title="bbox 261 628 1570 722; baseline -0.001 -23"><span class='ocrx_word' id='word_1_7' title='bbox 261 657 323 710; x_wconf 90' lang='grc' dir='ltr'><strong><em>τος</em></strong></span> <span class='ocrx_word' id='word_1_8' title='bbox 344 639 514 719; x_wconf 81' lang='grc' dir='ltr'><strong><em>μυστικῶς</em></strong></span> <span class='ocrx_word' id='word_1_9' title='bbox 539 635 593 702; x_wconf 74' lang='grc' dir='ltr'><strong><em>»ἐν</em></strong></span> <span class='ocrx_word' id='word_1_10' title='bbox 606 628 715 722; x_wconf 70' lang='grc' dir='ltr'><strong><em>Ἠλίᾳ(</em></strong></span> <span class='ocrx_word' id='word_1_11' title='bbox 735 637 902 704; x_wconf 86' lang='grc' dir='ltr'><strong><em>λέλεκται·</em></strong></span> <span class='ocrx_word' id='word_1_12' title='bbox 929 637 1132 703; x_wconf 77' lang='grc' dir='ltr'><strong><em>»κατέλιπον</em></strong></span> <span class='ocrx_word' id='word_1_13' title='bbox 1147 635 1284 721; x_wconf 78' lang='grc' dir='ltr'><strong><em>ἐμαυτῷ</em></strong></span> <span class='ocrx_word' id='word_1_14' title='bbox 1300 633 1570 718; x_wconf 73' lang='grc' dir='ltr'><strong><em>ἑπτακισχιλίους</em></strong></span> 
     </span>
     <span class='ocr_line' id='line_1_3' title="bbox 261 727 1570 820; baseline -0.001 -22"><span class='ocrx_word' id='word_1_15' title='bbox 261 727 400 819; x_wconf 79' lang='grc' dir='ltr'><strong><em>ἄνδρας,</em></strong></span> <span class='ocrx_word' id='word_1_16' title='bbox 433 735 556 814; x_wconf 85' lang='grc' dir='ltr'><strong><em>οίτινες</em></strong></span> <span class='ocrx_word' id='word_1_17' title='bbox 583 729 645 804; x_wconf 91' lang='grc' dir='ltr'><strong><em>ούκ</em></strong></span> <span class='ocrx_word' id='word_1_18' title='bbox 671 734 825 820; x_wconf 73' lang='grc' dir='ltr'><strong><em>ἔκαμψαν</em></strong></span> <span class='ocrx_word' id='word_1_19' title='bbox 852 729 935 820; x_wconf 82' lang='grc' dir='ltr'><strong><em>γόνυ</em></strong></span> <span class='ocrx_word' id='word_1_20' title='bbox 961 737 1004 818; x_wconf 79' lang='grc' dir='ltr'><strong><em>τῇ</em></strong></span> <span class='ocrx_word' id='word_1_21' title='bbox 1027 727 1153 801; x_wconf 81' lang='grc' dir='ltr'><strong><em>Βαάλι.</em></strong></span> <span class='ocrx_word' id='word_1_22' title='bbox 1196 737 1251 801; x_wconf 87' lang='grc' dir='ltr'><strong><em>καί</em></strong></span> <span class='ocrx_word' id='word_1_23' title='bbox 1279 728 1473 819; x_wconf 76' lang='grc' dir='ltr'><strong><em>ἑρμηνεύων</em></strong></span> <span class='ocrx_word' id='word_1_24' title='bbox 1494 735 1570 816; x_wconf 86' lang='grc' dir='ltr'><strong><em>περὶ</em></strong></span> 
     </span>
     <span class='ocr_line' id='line_1_4' title="bbox 261 821 1571 920; baseline -0.001 -22"><span class='ocrx_word' id='word_1_25' title='bbox 261 835 326 900; x_wconf 86' lang='grc' dir='ltr'><strong><em>τοῦ</em></strong></span> <span class='ocrx_word' id='word_1_26' title='bbox 352 838 534 920; x_wconf 77' lang='grc' dir='ltr'><strong><em>λείμματος</em></strong></span> <span class='ocrx_word' id='word_1_27' title='bbox 557 830 686 903; x_wconf 92' lang='grc' dir='ltr'><strong><em>τούτου</em></strong></span> <span class='ocrx_word' id='word_1_28' title='bbox 708 825 726 902; x_wconf 89' lang='grc' dir='ltr'><strong><em>ό</em></strong></span> <span class='ocrx_word' id='word_1_29' title='bbox 750 827 945 913; x_wconf 90' lang='grc' dir='ltr'><strong><em>άπόστολὸς</em></strong></span> <span class='ocrx_word' id='word_1_30' title='bbox 968 853 1082 919; x_wconf 90' lang='grc' dir='ltr'><strong><em>φησιν·</em></strong></span> <span class='ocrx_word' id='word_1_31' title='bbox 1116 825 1190 917; x_wconf 75' lang='grc' dir='ltr'><strong><em>»ἄρ’</em></strong></span> <span class='ocrx_word' id='word_1_32' title='bbox 1214 821 1276 900; x_wconf 87' lang='grc' dir='ltr'><strong><em>ούν</em></strong></span> <span class='ocrx_word' id='word_1_33' title='bbox 1296 834 1352 899; x_wconf 86' lang='grc' dir='ltr'><strong><em>καί</em></strong></span> <span class='ocrx_word' id='word_1_34' title='bbox 1375 833 1412 899; x_wconf 86' lang='grc' dir='ltr'><strong><em>ἐν</em></strong></span> <span class='ocrx_word' id='word_1_35' title='bbox 1433 836 1485 918; x_wconf 84' lang='grc' dir='ltr'><strong><em>τῷ</em></strong></span> <span class='ocrx_word' id='word_1_36' title='bbox 1509 833 1571 898; x_wconf 83' lang='grc' dir='ltr'><strong><em>νῦν</em></strong></span> 
     </span>
     <span class='ocr_line' id='line_1_5' title="bbox 260 923 1572 1021; baseline -0.001 -23"><span class='ocrx_word' id='word_1_37' title='bbox 260 935 368 1018; x_wconf 84' lang='grc' dir='ltr'><strong><em>καιρῷ</em></strong></span> <span class='ocrx_word' id='word_1_38' title='bbox 396 941 516 1020; x_wconf 87' lang='grc' dir='ltr'><strong><em>λεῖμμα</em></strong></span> <span class='ocrx_word' id='word_1_39' title='bbox 546 926 628 1001; x_wconf 79' lang='grc' dir='ltr'><strong><em>κατ’</em></strong></span> <span class='ocrx_word' id='word_1_40' title='bbox 649 930 796 1021; x_wconf 82' lang='grc' dir='ltr'><strong><em>ἐκλογὴν</em></strong></span> <span class='ocrx_word' id='word_1_41' title='bbox 819 927 959 1020; x_wconf 90' lang='grc' dir='ltr'><strong><em>χάριτος</em></strong></span> <span class='ocrx_word' id='word_1_42' title='bbox 985 936 1152 1020; x_wconf 76' lang='grc' dir='ltr'><strong><em>γέγονενι.</em></strong></span> <span class='ocrx_word' id='word_1_43' title='bbox 1200 924 1326 1000; x_wconf 86' lang='grc' dir='ltr'><strong><em>ούκοῦν</em></strong></span> <span class='ocrx_word' id='word_1_44' title='bbox 1351 923 1479 1019; x_wconf 81' lang='grc' dir='ltr'><strong><em>Ἰσραὴλ</em></strong></span> <span class='ocrx_word' id='word_1_45' title='bbox 1506 925 1572 998; x_wconf 81' lang='grc' dir='ltr'><strong><em>κάν</em></strong></span> 
     </span>
     <span class='ocr_line' id='line_1_6' title="bbox 227 1024 1571 1120; baseline 0 -22"><span class='ocrx_word' id='word_1_46' title='bbox 227 1046 243 1098; x_wconf 84' lang='grc'>5</span> <span class='ocrx_word' id='word_1_47' title='bbox 262 1041 380 1119; x_wconf 88' lang='grc' dir='ltr'><strong><em>λεῖμμα</em></strong></span> <span class='ocrx_word' id='word_1_48' title='bbox 407 1028 619 1120; x_wconf 88' lang='grc' dir='ltr'><strong><em>σῳζόμενον,</em></strong></span> <span class='ocrx_word' id='word_1_49' title='bbox 647 1035 943 1118; x_wconf 78' lang='grc' dir='ltr'><strong><em>καταλειφθέντος</em></strong></span> <span class='ocrx_word' id='word_1_50' title='bbox 969 1035 1033 1102; x_wconf 85' lang='grc' dir='ltr'><strong><em>τοῦ</em></strong></span> <span class='ocrx_word' id='word_1_51' title='bbox 1053 1024 1190 1118; x_wconf 81' lang='grc' dir='ltr'><strong><em>Ἰσραήλ.</em></strong></span> <span class='ocrx_word' id='word_1_52' title='bbox 1232 1033 1340 1098; x_wconf 83' lang='grc' dir='ltr'><strong><em>ταῦτα</em></strong></span> <span class='ocrx_word' id='word_1_53' title='bbox 1363 1028 1406 1098; x_wconf 84' lang='grc' dir='ltr'><strong><em>τά</em></strong></span> <span class='ocrx_word' id='word_1_54' title='bbox 1428 1026 1488 1099; x_wconf 90' lang='grc' dir='ltr'><strong><em>δύο</em></strong></span> <span class='ocrx_word' id='word_1_55' title='bbox 1511 1025 1571 1098; x_wconf 85' lang='grc' dir='ltr'><strong><em>τά·</em></strong></span> 
     </span>
     <span class='ocr_line' id='line_1_7' title="bbox 261 1123 1572 1221; baseline -0.001 -23"><span class='ocrx_word' id='word_1_56' title='bbox 261 1157 381 1218; x_wconf 89' lang='grc' dir='ltr'><strong><em>γματα,</em></strong></span> <span class='ocrx_word' id='word_1_57' title='bbox 404 1136 433 1201; x_wconf 89' lang='grc' dir='ltr'><strong><em>εἰ</em></strong></span> <span class='ocrx_word' id='word_1_58' title='bbox 456 1130 601 1213; x_wconf 89' lang='grc' dir='ltr'><strong><em>δυνατός</em></strong></span> <span class='ocrx_word' id='word_1_59' title='bbox 623 1131 661 1214; x_wconf 89' lang='grc' dir='ltr'><strong><em>εί,</em></strong></span> <span class='ocrx_word' id='word_1_60' title='bbox 683 1127 852 1221; x_wconf 88' lang='grc' dir='ltr'><strong><em>μετάγαγέ</em></strong></span> <span class='ocrx_word' id='word_1_61' title='bbox 871 1159 928 1219; x_wconf 92' lang='grc' dir='ltr'><strong><em>μοι</em></strong></span> <span class='ocrx_word' id='word_1_62' title='bbox 949 1137 1006 1200; x_wconf 88' lang='grc' dir='ltr'><strong><em>καὶ</em></strong></span> <span class='ocrx_word' id='word_1_63' title='bbox 1028 1131 1082 1198; x_wconf 77' lang='grc' dir='ltr'><strong><em>ἐπὶ</em></strong></span> <span class='ocrx_word' id='word_1_64' title='bbox 1097 1127 1180 1208; x_wconf 85' lang='grc' dir='ltr'><strong><em>τούς</em></strong></span> <span class='ocrx_word' id='word_1_65' title='bbox 1195 1123 1263 1199; x_wconf 89' lang='grc' dir='ltr'><strong><em>άπὸ</em></strong></span> <span class='ocrx_word' id='word_1_66' title='bbox 1280 1134 1354 1197; x_wconf 92' lang='grc' dir='ltr'><strong><em>τῶν</em></strong></span> <span class='ocrx_word' id='word_1_67' title='bbox 1370 1130 1493 1199; x_wconf 92' lang='grc' dir='ltr'><strong><em>ἐθνῶν.</em></strong></span> <span class='ocrx_word' id='word_1_68' title='bbox 1531 1123 1572 1198; x_wconf 86' lang='grc' dir='ltr'><strong><em>ού</em></strong></span> 
     </span>
     <span class='ocr_line' id='line_1_8' title="bbox 261 1223 1570 1318; baseline -0.002 -18"><span class='ocrx_word' id='word_1_69' title='bbox 261 1228 324 1318; x_wconf 84' lang='grc' dir='ltr'><strong><em>γάρ</em></strong></span> <span class='ocrx_word' id='word_1_70' title='bbox 347 1231 453 1300; x_wconf 84' lang='grc' dir='ltr'><strong><em>εἶπεν·</em></strong></span> <span class='ocrx_word' id='word_1_71' title='bbox 476 1224 562 1302; x_wconf 86' lang='grc' dir='ltr'><strong><em>όταν</em></strong></span> <span class='ocrx_word' id='word_1_72' title='bbox 583 1228 699 1302; x_wconf 87' lang='grc' dir='ltr'><strong><em>πάντα</em></strong></span> <span class='ocrx_word' id='word_1_73' title='bbox 720 1229 765 1301; x_wconf 84' lang='grc' dir='ltr'><strong><em>τά</em></strong></span> <span class='ocrx_word' id='word_1_74' title='bbox 789 1233 873 1318; x_wconf 76' lang='grc' dir='ltr'><strong><em>ἔθνη</em></strong></span> <span class='ocrx_word' id='word_1_75' title='bbox 897 1235 1006 1317; x_wconf 76' lang='grc' dir='ltr'><strong><em>σωθῇ,</em></strong></span> <span class='ocrx_word' id='word_1_76' title='bbox 1030 1226 1109 1300; x_wconf 93' lang='grc' dir='ltr'><strong><em>τότε</em></strong></span> <span class='ocrx_word' id='word_1_77' title='bbox 1131 1235 1198 1310; x_wconf 82' lang='grc' dir='ltr'><strong><em>πᾶς</em></strong></span> <span class='ocrx_word' id='word_1_78' title='bbox 1213 1223 1339 1318; x_wconf 77' lang='grc' dir='ltr'><strong><em>Ἰσραὴλ</em></strong></span> <span class='ocrx_word' id='word_1_79' title='bbox 1363 1223 1570 1316; x_wconf 85' lang='grc' dir='ltr'><strong><em>σωθήσεται·</em></strong></span> 
     </span>
     <span class='ocr_line' id='line_1_9' title="bbox 262 1322 1571 1420; baseline -0.002 -19"><span class='ocrx_word' id='word_1_80' title='bbox 262 1325 340 1401; x_wconf 80' lang='grc' dir='ltr'><strong><em>ἄλλ’</em></strong></span> <span class='ocrx_word' id='word_1_81' title='bbox 362 1322 461 1400; x_wconf 82' lang='grc' dir='ltr'><strong><em>&gt;όταν</em></strong></span> <span class='ocrx_word' id='word_1_82' title='bbox 489 1330 530 1401; x_wconf 90' lang='grc' dir='ltr'><strong><em>τὸ</em></strong></span> <span class='ocrx_word' id='word_1_83' title='bbox 559 1327 728 1420; x_wconf 85' lang='grc' dir='ltr'><strong><em>πλήρωμα</em></strong></span> <span class='ocrx_word' id='word_1_84' title='bbox 750 1336 823 1400; x_wconf 89' lang='grc' dir='ltr'><strong><em>τῶν</em></strong></span> <span class='ocrx_word' id='word_1_85' title='bbox 845 1333 961 1402; x_wconf 82' lang='grc' dir='ltr'><strong><em>ἐθνῶν</em></strong></span> <span class='ocrx_word' id='word_1_86' title='bbox 983 1334 1133 1413; x_wconf 88' lang='grc' dir='ltr'><strong><em>εἰσέλθη,</em></strong></span> <span class='ocrx_word' id='word_1_87' title='bbox 1165 1325 1245 1399; x_wconf 88' lang='grc' dir='ltr'><strong><em>τότε</em></strong></span> <span class='ocrx_word' id='word_1_88' title='bbox 1267 1335 1335 1409; x_wconf 85' lang='grc' dir='ltr'><strong><em>πᾶς</em></strong></span> <span class='ocrx_word' id='word_1_89' title='bbox 1355 1323 1483 1416; x_wconf 77' lang='grc' dir='ltr'><strong><em>Ἰσραὴλ</em></strong></span> <span class='ocrx_word' id='word_1_90' title='bbox 1506 1350 1571 1398; x_wconf 90' lang='grc' dir='ltr'><strong><em>σω-</em></strong></span> 
     </span>
     <span class='ocr_line' id='line_1_10' title="bbox 260 1423 1571 1519; baseline 0 -21"><span class='ocrx_word' id='word_1_91' title='bbox 260 1426 422 1518; x_wconf 83' lang='grc' dir='ltr'><strong><em>θήσετακ.</em></strong></span> <span class='ocrx_word' id='word_1_92' title='bbox 466 1425 507 1502; x_wconf 87' lang='grc' dir='ltr'><strong><em>ού</em></strong></span> <span class='ocrx_word' id='word_1_93' title='bbox 528 1436 581 1511; x_wconf 86' lang='grc' dir='ltr'><strong><em>τὶς</em></strong></span> <span class='ocrx_word' id='word_1_94' title='bbox 595 1425 723 1519; x_wconf 77' lang='grc' dir='ltr'><strong><em>Ἰσραὴλ</em></strong></span> <span class='ocrx_word' id='word_1_95' title='bbox 746 1426 941 1519; x_wconf 82' lang='grc' dir='ltr'><strong><em>σωθήσεται</em></strong></span> <span class='ocrx_word' id='word_1_96' title='bbox 962 1428 1047 1518; x_wconf 85' lang='grc' dir='ltr'><strong><em>μετά</em></strong></span> <span class='ocrx_word' id='word_1_97' title='bbox 1067 1423 1182 1498; x_wconf 89' lang='grc' dir='ltr'><strong><em>πάντα</em></strong></span> <span class='ocrx_word' id='word_1_98' title='bbox 1204 1427 1248 1498; x_wconf 86' lang='grc' dir='ltr'><strong><em>τά</em></strong></span> <span class='ocrx_word' id='word_1_99' title='bbox 1267 1429 1361 1516; x_wconf 84' lang='grc' dir='ltr'><strong><em>έθνη,</em></strong></span> <span class='ocrx_word' id='word_1_100' title='bbox 1385 1424 1473 1499; x_wconf 84' lang='grc' dir='ltr'><strong><em>άλλά</em></strong></span> <span class='ocrx_word' id='word_1_101' title='bbox 1487 1429 1571 1516; x_wconf 87' lang='grc' dir='ltr'><strong><em>μετὰ</em></strong></span> 
     </span>
     <span class='ocr_line' id='line_1_11' title="bbox 211 1518 1573 1619; baseline -0.001 -21"><span class='ocrx_word' id='word_1_102' title='bbox 211 1539 244 1594; x_wconf 90' lang='grc'><strong><em>10</em></strong></span> <span class='ocrx_word' id='word_1_103' title='bbox 264 1527 323 1600; x_wconf 77' lang='grc' dir='ltr'><strong><em>»τό</em></strong></span> <span class='ocrx_word' id='word_1_104' title='bbox 345 1527 514 1619; x_wconf 82' lang='grc' dir='ltr'><strong><em>πλήρωμα</em></strong></span> <span class='ocrx_word' id='word_1_105' title='bbox 538 1537 610 1600; x_wconf 92' lang='grc' dir='ltr'><strong><em>τῶν</em></strong></span> <span class='ocrx_word' id='word_1_106' title='bbox 632 1533 777 1600; x_wconf 75' lang='grc' dir='ltr'><strong><em>ἐθνῶνι.</em></strong></span> <span class='ocrx_word' id='word_1_107' title='bbox 821 1535 851 1600; x_wconf 89' lang='grc' dir='ltr'><strong><em>εί</em></strong></span> <span class='ocrx_word' id='word_1_108' title='bbox 872 1560 923 1611; x_wconf 91' lang='grc' dir='ltr'><strong><em>τις</em></strong></span> <span class='ocrx_word' id='word_1_109' title='bbox 945 1527 1100 1610; x_wconf 89' lang='grc' dir='ltr'><strong><em>δύναται,</em></strong></span> <span class='ocrx_word' id='word_1_110' title='bbox 1127 1525 1168 1597; x_wconf 86' lang='grc' dir='ltr'><strong><em>τὸ</em></strong></span> <span class='ocrx_word' id='word_1_111' title='bbox 1191 1525 1316 1598; x_wconf 86' lang='grc' dir='ltr'><strong><em>λοιπόν</em></strong></span> <span class='ocrx_word' id='word_1_112' title='bbox 1339 1523 1453 1616; x_wconf 81' lang='grc' dir='ltr'><strong><em>ῶσπερ</em></strong></span> <span class='ocrx_word' id='word_1_113' title='bbox 1476 1518 1573 1616; x_wconf 86' lang='grc' dir='ltr'><strong><em>εύρεν</em></strong></span> 
     </span>
     <span class='ocr_line' id='line_1_12' title="bbox 261 1623 1572 1719; baseline -0.001 -23"><span class='ocrx_word' id='word_1_114' title='bbox 261 1627 326 1700; x_wconf 87' lang='grc' dir='ltr'><strong><em>τόν</em></strong></span> <span class='ocrx_word' id='word_1_115' title='bbox 349 1623 475 1718; x_wconf 76' lang='grc' dir='ltr'><strong><em>Ἰσραὴλ</em></strong></span> <span class='ocrx_word' id='word_1_116' title='bbox 507 1627 703 1719; x_wconf 75' lang='grc' dir='ltr'><strong><em>σῳζόμενον</em></strong></span> <span class='ocrx_word' id='word_1_117' title='bbox 732 1629 817 1719; x_wconf 88' lang='grc' dir='ltr'><strong><em>μετά</em></strong></span> <span class='ocrx_word' id='word_1_118' title='bbox 850 1629 891 1701; x_wconf 85' lang='grc' dir='ltr'><strong><em>τό</em></strong></span> <span class='ocrx_word' id='word_1_119' title='bbox 922 1626 1090 1718; x_wconf 84' lang='grc' dir='ltr'><strong><em>πλήρωμα</em></strong></span> <span class='ocrx_word' id='word_1_120' title='bbox 1119 1632 1192 1697; x_wconf 89' lang='grc' dir='ltr'><strong><em>τῶν</em></strong></span> <span class='ocrx_word' id='word_1_121' title='bbox 1222 1630 1346 1708; x_wconf 81' lang='grc' dir='ltr'><strong><em>ἐθνῶν,</em></strong></span> <span class='ocrx_word' id='word_1_122' title='bbox 1379 1625 1494 1712; x_wconf 80' lang='grc' dir='ltr'><strong><em>διαβάς</em></strong></span> <span class='ocrx_word' id='word_1_123' title='bbox 1521 1633 1572 1716; x_wconf 83' lang='grc' dir='ltr'><strong><em>τῶ</em></strong></span> 
     </span>
     <span class='ocr_line' id='line_1_13' title="bbox 261 1724 1570 1818; baseline -0.001 -19"><span class='ocrx_word' id='word_1_124' title='bbox 261 1725 354 1816; x_wconf 87' lang='grc' dir='ltr'><strong><em>λόγῳ</em></strong></span> <span class='ocrx_word' id='word_1_125' title='bbox 375 1724 634 1818; x_wconf 89' lang='grc' dir='ltr'><strong><em>κατανοησάτω,</em></strong></span> <span class='ocrx_word' id='word_1_126' title='bbox 657 1727 743 1800; x_wconf 89' lang='grc' dir='ltr'><strong><em>πότε</em></strong></span> <span class='ocrx_word' id='word_1_127' title='bbox 764 1724 904 1811; x_wconf 84' lang='grc' dir='ltr'><strong><em>&gt;πάντες</em></strong></span> <span class='ocrx_word' id='word_1_128' title='bbox 926 1725 1178 1800; x_wconf 76' lang='grc' dir='ltr'><strong><em>δουλεύσουσιν&lt;</em></strong></span> <span class='ocrx_word' id='word_1_129' title='bbox 1199 1725 1287 1796; x_wconf 86' lang='grc' dir='ltr'><strong><em>κατά</em></strong></span> <span class='ocrx_word' id='word_1_130' title='bbox 1309 1725 1352 1797; x_wconf 84' lang='grc' dir='ltr'><strong><em>τά</em></strong></span> <span class='ocrx_word' id='word_1_131' title='bbox 1374 1729 1411 1796; x_wconf 89' lang='grc' dir='ltr'><strong><em>ἐν</em></strong></span> <span class='ocrx_word' id='word_1_132' title='bbox 1437 1732 1488 1810; x_wconf 84' lang='grc' dir='ltr'><strong><em>τῶ</em></strong></span> <span class='ocrx_word' id='word_1_133' title='bbox 1504 1733 1570 1798; x_wconf 89' lang='grc' dir='ltr'><strong><em>Σο-</em></strong></span> 
     </span>
     <span class='ocr_line' id='line_1_14' title="bbox 261 1823 1572 1919; baseline -0.002 -22"><span class='ocrx_word' id='word_1_134' title='bbox 261 1836 364 1919; x_wconf 79' lang='grc' dir='ltr'><strong><em>φονίςι</em></strong></span> <span class='ocrx_word' id='word_1_135' title='bbox 387 1835 542 1919; x_wconf 84' lang='grc' dir='ltr'><strong><em>εἰρημένα</em></strong></span> <span class='ocrx_word' id='word_1_136' title='bbox 562 1836 626 1918; x_wconf 79' lang='grc' dir='ltr'><strong><em>&gt;τῶ</em></strong></span> <span class='ocrx_word' id='word_1_137' title='bbox 649 1834 722 1918; x_wconf 80' lang='grc' dir='ltr'><strong><em>θεῷ</em></strong></span> <span class='ocrx_word' id='word_1_138' title='bbox 744 1824 812 1900; x_wconf 88' lang='grc' dir='ltr'><strong><em>ύπὸ</em></strong></span> <span class='ocrx_word' id='word_1_139' title='bbox 836 1828 936 1916; x_wconf 86' lang='grc' dir='ltr'><strong><em>ζυγόν</em></strong></span> <span class='ocrx_word' id='word_1_140' title='bbox 951 1828 1009 1898; x_wconf 75' lang='grc' dir='ltr'><strong><em>ἕνα</em></strong></span> <span class='ocrx_word' id='word_1_141' title='bbox 1024 1834 1080 1898; x_wconf 86' lang='grc' dir='ltr'><strong><em>καί</em></strong></span> <span class='ocrx_word' id='word_1_142' title='bbox 1095 1829 1131 1897; x_wconf 89' lang='grc' dir='ltr'><strong><em>ἐκ</em></strong></span> <span class='ocrx_word' id='word_1_143' title='bbox 1145 1823 1309 1916; x_wconf 88' lang='grc' dir='ltr'><strong><em>περάτων</em></strong></span> <span class='ocrx_word' id='word_1_144' title='bbox 1323 1831 1510 1908; x_wconf 82' lang='grc' dir='ltr'><strong><em>Αἰθιοπίας</em></strong></span> <span class='ocrx_word' id='word_1_145' title='bbox 1526 1830 1572 1898; x_wconf 81' lang='grc' dir='ltr'><strong><em>οἲ-</em></strong></span> 
     </span>
     <span class='ocr_line' id='line_1_15' title="bbox 261 1921 1570 2018; baseline 0.002 -23"><span class='ocrx_word' id='word_1_146' title='bbox 261 1949 376 1998; x_wconf 90' lang='grc' dir='ltr'><strong><em>σουσιν</em></strong></span> <span class='ocrx_word' id='word_1_147' title='bbox 398 1936 520 2012; x_wconf 84' lang='grc' dir='ltr'><strong><em>θυσίας</em></strong></span> <span class='ocrx_word' id='word_1_148' title='bbox 542 1925 660 2018; x_wconf 71' lang='grc' dir='ltr'><strong><em>αὐτῶ·</em></strong></span> <span class='ocrx_word' id='word_1_149' title='bbox 684 1921 752 2012; x_wconf 87' lang='grc' dir='ltr'><strong><em>ότε,</em></strong></span> <span class='ocrx_word' id='word_1_150' title='bbox 776 1925 824 2010; x_wconf 87' lang='grc' dir='ltr'><strong><em>ῶς</em></strong></span> <span class='ocrx_word' id='word_1_151' title='bbox 845 1932 882 1999; x_wconf 90' lang='grc' dir='ltr'><strong><em>ἐν</em></strong></span> <span class='ocrx_word' id='word_1_152' title='bbox 905 1929 1077 2017; x_wconf 73' lang='grc' dir='ltr'><strong><em>ἑξηκοστῷ</em></strong></span> <span class='ocrx_word' id='word_1_153' title='bbox 1100 1924 1231 2016; x_wconf 72' lang='grc' dir='ltr'><strong><em>ἑβδόμῳ</em></strong></span> <span class='ocrx_word' id='word_1_154' title='bbox 1254 1931 1409 1998; x_wconf 84' lang='grc' dir='ltr'><strong><em>λέλεκται</em></strong></span> <span class='ocrx_word' id='word_1_155' title='bbox 1430 1933 1570 2015; x_wconf 77' lang='grc' dir='ltr'><strong><em>Ψαλμῷ·</em></strong></span> 
     </span>
     <span class='ocr_line' id='line_1_16' title="bbox 210 2023 1639 2119; baseline -0.004 -21"><span class='ocrx_word' id='word_1_156' title='bbox 210 2037 243 2090; x_wconf 84' lang='grc'><strong><em>15</em></strong></span> <span class='ocrx_word' id='word_1_157' title='bbox 259 2037 268 2114; x_wconf 68' lang='grc'><strong><em>0</em></strong></span> <span class='ocrx_word' id='word_1_158' title='bbox 297 2033 483 2099; x_wconf 77' lang='grc' dir='ltr'><strong><em>»Αἰθιοπία</em></strong></span> <span class='ocrx_word' id='word_1_159' title='bbox 511 2027 709 2119; x_wconf 89' lang='grc' dir='ltr'><strong><em>προφθάσει</em></strong></span> <span class='ocrx_word' id='word_1_160' title='bbox 738 2045 831 2117; x_wconf 90' lang='grc' dir='ltr'><strong><em>χεῖρα</em></strong></span> <span class='ocrx_word' id='word_1_161' title='bbox 857 2023 962 2116; x_wconf 79' lang='grc' dir='ltr'><strong><em>αὐτῆς</em></strong></span> <span class='ocrx_word' id='word_1_162' title='bbox 987 2034 1039 2117; x_wconf 83' lang='grc' dir='ltr'><strong><em>τῷ</em></strong></span> <span class='ocrx_word' id='word_1_163' title='bbox 1067 2033 1175 2115; x_wconf 76' lang='grc' dir='ltr'><strong><em>θεῶι,</em></strong></span> <span class='ocrx_word' id='word_1_164' title='bbox 1205 2030 1261 2096; x_wconf 83' lang='grc' dir='ltr'><strong><em>καί</em></strong></span> <span class='ocrx_word' id='word_1_165' title='bbox 1288 2041 1362 2106; x_wconf 89' lang='grc' dir='ltr'><strong><em>ταῖς</em></strong></span> <span class='ocrx_word' id='word_1_166' title='bbox 1388 2033 1570 2110; x_wconf 86' lang='grc' dir='ltr'><strong><em>βασιλείαις</em></strong></span> <span class='ocrx_word' id='word_1_167' title='bbox 1587 2038 1639 2094; x_wconf 83' lang='grc'><strong><em>152</em></strong></span> 
     </span>
     <span class='ocr_line' id='line_1_17' title="bbox 263 2121 1567 2218; baseline -0.002 -21"><span class='ocrx_word' id='word_1_168' title='bbox 263 2133 342 2216; x_wconf 79' lang='grc' dir='ltr'><strong><em>»τῆς</em></strong></span> <span class='ocrx_word' id='word_1_169' title='bbox 364 2133 440 2216; x_wconf 75' lang='grc' dir='ltr'><strong><em>γῆςι</em></strong></span> <span class='ocrx_word' id='word_1_170' title='bbox 465 2124 671 2218; x_wconf 82' lang='grc' dir='ltr'><strong><em>προστάσσει</em></strong></span> <span class='ocrx_word' id='word_1_171' title='bbox 693 2123 711 2199; x_wconf 88' lang='grc' dir='ltr'><strong><em>ό</em></strong></span> <span class='ocrx_word' id='word_1_172' title='bbox 735 2125 837 2215; x_wconf 80' lang='grc' dir='ltr'><strong><em>λόγος</em></strong></span> <span class='ocrx_word' id='word_1_173' title='bbox 859 2134 982 2217; x_wconf 86' lang='grc' dir='ltr'><strong><em>λέγων·</em></strong></span> <span class='ocrx_word' id='word_1_174' title='bbox 1008 2121 1127 2216; x_wconf 78' lang='grc' dir='ltr'><strong><em>»ᾄσατε</em></strong></span> <span class='ocrx_word' id='word_1_175' title='bbox 1150 2132 1201 2214; x_wconf 88' lang='grc' dir='ltr'><strong><em>τῶ</em></strong></span> <span class='ocrx_word' id='word_1_176' title='bbox 1223 2131 1339 2214; x_wconf 85' lang='grc' dir='ltr'><strong><em>κυρίῳ,</em></strong></span> <span class='ocrx_word' id='word_1_177' title='bbox 1362 2121 1495 2211; x_wconf 84' lang='grc' dir='ltr'><strong><em>ψάλατε</em></strong></span> <span class='ocrx_word' id='word_1_178' title='bbox 1517 2132 1567 2214; x_wconf 81' lang='grc' dir='ltr'><strong><em>τῷ</em></strong></span> 
     </span>
     <span class='ocr_line' id='line_1_18' title="bbox 260 2223 497 2318; baseline -0.004 -21"><span class='ocrx_word' id='word_1_179' title='bbox 260 2235 332 2318; x_wconf 82' lang='grc' dir='ltr'><strong><em>θεῷ</em></strong></span> <span class='ocrx_word' id='word_1_180' title='bbox 354 2223 497 2312; x_wconf 81' lang='grc' dir='ltr'><strong><em>Ἰακῶβι.</em></strong></span> 
     </span>
     <span class='ocr_line' id='line_1_19' title="bbox 179 2322 1567 2417; baseline -0.002 -20"><span class='ocrx_word' id='word_1_181' title='bbox 179 2341 245 2398; x_wconf 56' lang='grc'><strong><em>2261</em></strong></span> <span class='ocrx_word' id='word_1_182' title='bbox 344 2341 371 2399; x_wconf 89' lang='lat'><strong><em>5.</em></strong></span> <span class='ocrx_word' id='word_1_183' title='bbox 396 2324 529 2400; x_wconf 83' lang='grc' dir='ltr'><strong><em>Ούκοῦν</em></strong></span> <span class='ocrx_word' id='word_1_184' title='bbox 556 2334 698 2416; x_wconf 87' lang='grc' dir='ltr'><strong><em>λέγομεν</em></strong></span> <span class='ocrx_word' id='word_1_185' title='bbox 724 2322 816 2417; x_wconf 82' lang='grc' dir='ltr'><strong><em>ἡμεῖς</em></strong></span> <span class='ocrx_word' id='word_1_186' title='bbox 835 2338 840 2406; x_wconf 87' lang='grc' dir='ltr'>Ι</span> <span class='ocrx_word' id='word_1_187' title='bbox 860 2330 892 2398; x_wconf 88' lang='grc' dir='ltr'><strong><em>οί</em></strong></span> <span class='ocrx_word' id='word_1_188' title='bbox 920 2325 987 2398; x_wconf 88' lang='grc' dir='ltr'><strong><em>άπὸ</em></strong></span> <span class='ocrx_word' id='word_1_189' title='bbox 1009 2331 1083 2395; x_wconf 90' lang='grc' dir='ltr'><strong><em>τῶν</em></strong></span> <span class='ocrx_word' id='word_1_190' title='bbox 1105 2328 1221 2394; x_wconf 90' lang='grc' dir='ltr'><strong><em>ἐθνῶν</em></strong></span> <span class='ocrx_word' id='word_1_191' title='bbox 1241 2331 1319 2410; x_wconf 88' lang='grc' dir='ltr'><strong><em>περὶ</em></strong></span> <span class='ocrx_word' id='word_1_192' title='bbox 1340 2328 1402 2411; x_wconf 80' lang='grc' dir='ltr'><strong><em>μὲν</em></strong></span> <span class='ocrx_word' id='word_1_193' title='bbox 1425 2324 1567 2405; x_wconf 87' lang='grc' dir='ltr'><strong><em>ίαυτῶν,</em></strong></span> 
     </span>
     <span class='ocr_line' id='line_1_20' title="bbox 260 2415 1570 2515; baseline -0.002 -18"><span class='ocrx_word' id='word_1_194' title='bbox 260 2433 508 2515; x_wconf 86' lang='grc' dir='ltr'><strong><em>μετανοοῦντες</em></strong></span> <span class='ocrx_word' id='word_1_195' title='bbox 535 2432 589 2498; x_wconf 84' lang='grc' dir='ltr'><strong><em>ἐπὶ</em></strong></span> <span class='ocrx_word' id='word_1_196' title='bbox 615 2445 689 2509; x_wconf 88' lang='grc' dir='ltr'><strong><em>τοῖς</em></strong></span> <span class='ocrx_word' id='word_1_197' title='bbox 715 2433 872 2515; x_wconf 83' lang='grc' dir='ltr'><strong><em>ψευδέσιν</em></strong></span> <span class='ocrx_word' id='word_1_198' title='bbox 898 2423 919 2496; x_wconf 85' lang='grc' dir='ltr'><strong><em>ά</em></strong></span> <span class='ocrx_word' id='word_1_199' title='bbox 945 2429 1144 2514; x_wconf 77' lang='grc' dir='ltr'><strong><em>ἐνομίζομεν</em></strong></span> <span class='ocrx_word' id='word_1_200' title='bbox 1171 2425 1256 2494; x_wconf 85' lang='grc' dir='ltr'><strong><em>εἰναι</em></strong></span> <span class='ocrx_word' id='word_1_201' title='bbox 1279 2419 1404 2512; x_wconf 84' lang='grc' dir='ltr'><strong><em>άληθῆ·</em></strong></span> <span class='ocrx_word' id='word_1_202' title='bbox 1439 2415 1570 2505; x_wconf 78' lang='grc' dir='ltr'><strong><em>»ὄντως</em></strong></span> 
     </span>
     <span class='ocr_line' id='line_1_21' title="bbox 210 2518 1571 2615; baseline -0.002 -20"><span class='ocrx_word' id='word_1_203' title='bbox 210 2541 244 2595; x_wconf 88' lang='grc'><strong><em>20</em></strong></span> <span class='ocrx_word' id='word_1_204' title='bbox 261 2533 308 2610; x_wconf 90' lang='grc' dir='ltr'><strong><em>εἰς</em></strong></span> <span class='ocrx_word' id='word_1_205' title='bbox 334 2533 459 2614; x_wconf 83' lang='grc' dir='ltr'><strong><em>ψεῦδος</em></strong></span> <span class='ocrx_word' id='word_1_206' title='bbox 486 2519 571 2615; x_wconf 81' lang='grc' dir='ltr'><strong><em>ἦσαν</em></strong></span> <span class='ocrx_word' id='word_1_207' title='bbox 597 2530 630 2599; x_wconf 88' lang='grc' dir='ltr'><strong><em>οί</em></strong></span> <span class='ocrx_word' id='word_1_208' title='bbox 655 2535 774 2612; x_wconf 79' lang='grc' dir='ltr'><strong><em>βουνοί</em></strong></span> <span class='ocrx_word' id='word_1_209' title='bbox 800 2533 857 2596; x_wconf 84' lang='grc' dir='ltr'><strong><em>καί</em></strong></span> <span class='ocrx_word' id='word_1_210' title='bbox 877 2523 897 2615; x_wconf 82' lang='grc' dir='ltr'><em>ἦ</em></span> <span class='ocrx_word' id='word_1_211' title='bbox 921 2524 1059 2613; x_wconf 91' lang='grc' dir='ltr'><strong><em>δύναμις</em></strong></span> <span class='ocrx_word' id='word_1_212' title='bbox 1080 2531 1154 2595; x_wconf 90' lang='grc' dir='ltr'><strong><em>τῶν</em></strong></span> <span class='ocrx_word' id='word_1_213' title='bbox 1176 2518 1320 2613; x_wconf 76' lang='grc' dir='ltr'><strong><em>όρέωνι·</em></strong></span> <span class='ocrx_word' id='word_1_214' title='bbox 1350 2528 1426 2611; x_wconf 86' lang='grc' dir='ltr'><strong><em>περὶ</em></strong></span> <span class='ocrx_word' id='word_1_215' title='bbox 1450 2528 1485 2593; x_wconf 82' lang='grc' dir='ltr'><strong><em>δὲ</em></strong></span> <span class='ocrx_word' id='word_1_216' title='bbox 1507 2529 1571 2594; x_wconf 83' lang='grc' dir='ltr'><strong><em>τοῦ</em></strong></span> 
     </span>
     <span class='ocr_line' id='line_1_22' title="bbox 245 2617 1570 2717; baseline -0.005 -20"><span class='ocrx_word' id='word_1_217' title='bbox 245 2695 249 2708; x_wconf 87' lang='grc'><strong><em>,</em></strong></span> <span class='ocrx_word' id='word_1_218' title='bbox 261 2622 340 2713; x_wconf 76' lang='grc' dir='ltr'><strong><em>μεθ’</em></strong></span> <span class='ocrx_word' id='word_1_219' title='bbox 364 2622 448 2715; x_wconf 84' lang='grc' dir='ltr'><strong><em>ἡμᾶς</em></strong></span> <span class='ocrx_word' id='word_1_220' title='bbox 470 2632 717 2716; x_wconf 83' lang='grc' dir='ltr'><strong><em>σωθησομένου</em></strong></span> <span class='ocrx_word' id='word_1_221' title='bbox 732 2621 871 2717; x_wconf 79' lang='grc' dir='ltr'><strong><em>Ἰσραήλ·</em></strong></span> <span class='ocrx_word' id='word_1_222' title='bbox 898 2623 1006 2713; x_wconf 79' lang='grc' dir='ltr'><strong><em>»πλὴν</em></strong></span> <span class='ocrx_word' id='word_1_223' title='bbox 1029 2623 1083 2695; x_wconf 83' lang='grc' dir='ltr'><strong><em>διὰ</em></strong></span> <span class='ocrx_word' id='word_1_224' title='bbox 1104 2631 1223 2711; x_wconf 92' lang='grc' dir='ltr'><strong><em>κυρίου</em></strong></span> <span class='ocrx_word' id='word_1_225' title='bbox 1244 2627 1330 2694; x_wconf 82' lang='grc' dir='ltr'><strong><em>θεοῦ</em></strong></span> <span class='ocrx_word' id='word_1_226' title='bbox 1353 2617 1449 2710; x_wconf 86' lang='grc' dir='ltr'><strong><em>ἡμῶν</em></strong></span> <span class='ocrx_word' id='word_1_227' title='bbox 1471 2617 1570 2710; x_wconf 81' lang='grc' dir='ltr'><strong><em>ἦσω-</em></strong></span> 
     </span>
     <span class='ocr_line' id='line_1_23' title="bbox 263 2717 1570 2817; baseline -0.005 -21"><span class='ocrx_word' id='word_1_228' title='bbox 263 2733 359 2815; x_wconf 88' lang='grc' dir='ltr'><strong><em>τηρία</em></strong></span> <span class='ocrx_word' id='word_1_229' title='bbox 386 2732 450 2797; x_wconf 86' lang='grc' dir='ltr'><strong><em>τοῦ</em></strong></span> <span class='ocrx_word' id='word_1_230' title='bbox 477 2729 575 2797; x_wconf 85' lang='grc' dir='ltr'><strong><em>οἰκον</em></strong></span> <span class='ocrx_word' id='word_1_231' title='bbox 598 2719 754 2817; x_wconf 76' lang='grc' dir='ltr'><strong><em>Ἰσραήλι.</em></strong></span> <span class='ocrx_word' id='word_1_232' title='bbox 803 2725 876 2796; x_wconf 92' lang='grc' dir='ltr'><strong><em>είτα</em></strong></span> <span class='ocrx_word' id='word_1_233' title='bbox 903 2721 1210 2812; x_wconf 76' lang='grc' dir='ltr'><strong><em>ἐξομολογούμενοι</em></strong></span> <span class='ocrx_word' id='word_1_234' title='bbox 1231 2728 1308 2811; x_wconf 89' lang='grc' dir='ltr'><strong><em>περὶ</em></strong></span> <span class='ocrx_word' id='word_1_235' title='bbox 1331 2728 1403 2791; x_wconf 89' lang='grc' dir='ltr'><strong><em>τῶν</em></strong></span> <span class='ocrx_word' id='word_1_236' title='bbox 1425 2717 1570 2810; x_wconf 89' lang='grc' dir='ltr'><strong><em>άμαρτη-</em></strong></span> 
     </span>
     <span class='ocr_line' id='line_1_24' title="bbox 260 2816 1569 2915; baseline -0.004 -20"><span class='ocrx_word' id='word_1_237' title='bbox 260 2823 390 2913; x_wconf 91' lang='grc' dir='ltr'><strong><em>μάτων,</em></strong></span> <span class='ocrx_word' id='word_1_238' title='bbox 413 2829 450 2895; x_wconf 87' lang='grc' dir='ltr'><strong><em>ἐν</em></strong></span> <span class='ocrx_word' id='word_1_239' title='bbox 472 2823 524 2907; x_wconf 87' lang='grc' dir='ltr'><strong><em>οίς</em></strong></span> <span class='ocrx_word' id='word_1_240' title='bbox 545 2834 602 2896; x_wconf 82' lang='grc' dir='ltr'><strong><em>καί</em></strong></span> <span class='ocrx_word' id='word_1_241' title='bbox 621 2828 656 2898; x_wconf 91' lang='grc' dir='ltr'><strong><em>οί</em></strong></span> <span class='ocrx_word' id='word_1_242' title='bbox 675 2831 819 2915; x_wconf 84' lang='grc' dir='ltr'><strong><em>πατέρες</em></strong></span> <span class='ocrx_word' id='word_1_243' title='bbox 836 2821 931 2913; x_wconf 82' lang='grc' dir='ltr'><strong><em>ἡμῶν</em></strong></span> <span class='ocrx_word' id='word_1_244' title='bbox 947 2821 1123 2912; x_wconf 89' lang='grc' dir='ltr'><strong><em>γεγόνασιν</em></strong></span> <span class='ocrx_word' id='word_1_245' title='bbox 1137 2829 1193 2893; x_wconf 84' lang='grc' dir='ltr'><strong><em>καὶ</em></strong></span> <span class='ocrx_word' id='word_1_246' title='bbox 1208 2817 1301 2910; x_wconf 80' lang='grc' dir='ltr'><strong><em>ἡμεῖς</em></strong></span> <span class='ocrx_word' id='word_1_247' title='bbox 1315 2816 1414 2892; x_wconf 86' lang='grc' dir='ltr'><strong><em>αύτοί</em></strong></span> <span class='ocrx_word' id='word_1_248' title='bbox 1430 2823 1569 2891; x_wconf 88' lang='grc' dir='ltr'><strong><em>εἰδωλο-</em></strong></span> 
     </span>
     <span class='ocr_line' id='line_1_25' title="bbox 261 2918 1570 3014; baseline -0.005 -18"><span class='ocrx_word' id='word_1_249' title='bbox 261 2931 483 3014; x_wconf 84' lang='grc' dir='ltr'><strong><em>λατροῦντες,</em></strong></span> <span class='ocrx_word' id='word_1_250' title='bbox 515 2931 637 3014; x_wconf 91' lang='grc' dir='ltr'><strong><em>φαμέν·</em></strong></span> <span class='ocrx_word' id='word_1_251' title='bbox 676 2921 715 3013; x_wconf 81' lang='grc' dir='ltr'><strong><em>»ἦ</em></strong></span> <span class='ocrx_word' id='word_1_252' title='bbox 738 2930 773 2995; x_wconf 78' lang='grc' dir='ltr'><strong><em>δὲ</em></strong></span> <span class='ocrx_word' id='word_1_253' title='bbox 795 2923 933 3013; x_wconf 89' lang='grc' dir='ltr'><strong><em>αἰσχύνη</em></strong></span> <span class='ocrx_word' id='word_1_254' title='bbox 953 2920 1199 3010; x_wconf 85' lang='grc' dir='ltr'><strong><em>κατηνάλωσεν</em></strong></span> <span class='ocrx_word' id='word_1_255' title='bbox 1219 2921 1301 3002; x_wconf 84' lang='grc' dir='ltr'><strong><em>τούς</em></strong></span> <span class='ocrx_word' id='word_1_256' title='bbox 1323 2918 1474 3009; x_wconf 89' lang='grc' dir='ltr'><strong><em>μόχθους</em></strong></span> <span class='ocrx_word' id='word_1_257' title='bbox 1496 2926 1570 2990; x_wconf 93' lang='grc' dir='ltr'><strong><em>τῶν</em></strong></span> 
     </span>
     <span class='ocr_line' id='line_1_26' title="bbox 209 3015 1570 3113; baseline -0.006 -17"><span class='ocrx_word' id='word_1_258' title='bbox 209 3042 243 3096; x_wconf 82' lang='grc'><strong><em>25</em></strong></span> <span class='ocrx_word' id='word_1_259' title='bbox 260 3029 422 3112; x_wconf 83' lang='grc' dir='ltr'><strong><em>πατέρων</em></strong></span> <span class='ocrx_word' id='word_1_260' title='bbox 449 3021 544 3113; x_wconf 80' lang='grc' dir='ltr'><strong><em>ἡμῶν</em></strong></span> <span class='ocrx_word' id='word_1_261' title='bbox 572 3022 640 3096; x_wconf 85' lang='grc' dir='ltr'><strong><em>άπὸ</em></strong></span> <span class='ocrx_word' id='word_1_262' title='bbox 668 3022 832 3112; x_wconf 88' lang='grc' dir='ltr'><strong><em>νεότητος</em></strong></span> <span class='ocrx_word' id='word_1_263' title='bbox 859 3020 989 3106; x_wconf 77' lang='grc' dir='ltr'><strong><em>αὐτῶν,</em></strong></span> <span class='ocrx_word' id='word_1_264' title='bbox 1020 3021 1064 3092; x_wconf 86' lang='grc' dir='ltr'><strong><em>τά</em></strong></span> <span class='ocrx_word' id='word_1_265' title='bbox 1090 3018 1245 3110; x_wconf 82' lang='grc' dir='ltr'><strong><em>πρόβατα</em></strong></span> <span class='ocrx_word' id='word_1_266' title='bbox 1273 3015 1390 3090; x_wconf 87' lang='grc' dir='ltr'><strong><em>αύτῶν</em></strong></span> <span class='ocrx_word' id='word_1_267' title='bbox 1409 3026 1466 3089; x_wconf 88' lang='grc' dir='ltr'><strong><em>καί</em></strong></span> <span class='ocrx_word' id='word_1_268' title='bbox 1487 3018 1570 3101; x_wconf 85' lang='grc' dir='ltr'><strong><em>τούς</em></strong></span> 
     </span>
     <span class='ocr_line' id='line_1_27' title="bbox 259 3115 1568 3210; baseline -0.004 -16"><span class='ocrx_word' id='word_1_269' title='bbox 259 3121 341 3208; x_wconf 83' lang='grc' dir='ltr'><strong><em>βόας</em></strong></span> <span class='ocrx_word' id='word_1_270' title='bbox 357 3119 482 3208; x_wconf 80' lang='grc' dir='ltr'><strong><em>αὐτῶν,</em></strong></span> <span class='ocrx_word' id='word_1_271' title='bbox 506 3124 588 3207; x_wconf 86' lang='grc' dir='ltr'><strong><em>τούς</em></strong></span> <span class='ocrx_word' id='word_1_272' title='bbox 602 3124 696 3207; x_wconf 77' lang='grc' dir='ltr'><strong><em>υἱούς</em></strong></span> <span class='ocrx_word' id='word_1_273' title='bbox 711 3120 827 3195; x_wconf 88' lang='grc' dir='ltr'><strong><em>αύτῶν</em></strong></span> <span class='ocrx_word' id='word_1_274' title='bbox 841 3131 897 3194; x_wconf 84' lang='grc' dir='ltr'><strong><em>καὶ</em></strong></span> <span class='ocrx_word' id='word_1_275' title='bbox 912 3123 974 3206; x_wconf 86' lang='grc' dir='ltr'><strong><em>τάς</em></strong></span> <span class='ocrx_word' id='word_1_276' title='bbox 989 3126 1179 3210; x_wconf 89' lang='grc' dir='ltr'><strong><em>θυγατέρας</em></strong></span> <span class='ocrx_word' id='word_1_277' title='bbox 1194 3115 1337 3190; x_wconf 81' lang='grc' dir='ltr'><strong><em>αύτῶνι.</em></strong></span> <span class='ocrx_word' id='word_1_278' title='bbox 1377 3115 1416 3208; x_wconf 78' lang='grc' dir='ltr'><strong><em>»ἡ</em></strong></span> <span class='ocrx_word' id='word_1_279' title='bbox 1431 3116 1568 3207; x_wconf 90' lang='grc' dir='ltr'><strong><em>αἰσχύνη</em></strong></span> 
     </span>
     <span class='ocr_line' id='line_1_28' title="bbox 258 3215 1569 3314; baseline -0.003 -22"><span class='ocrx_word' id='word_1_280' title='bbox 258 3221 505 3311; x_wconf 80' lang='grc' dir='ltr'><strong><em>κατηνάλωσεν</em></strong></span> <span class='ocrx_word' id='word_1_281' title='bbox 526 3224 609 3307; x_wconf 88' lang='grc' dir='ltr'><strong><em>τούς</em></strong></span> <span class='ocrx_word' id='word_1_282' title='bbox 631 3223 782 3314; x_wconf 89' lang='grc' dir='ltr'><strong><em>μόχθους</em></strong></span> <span class='ocrx_word' id='word_1_283' title='bbox 804 3232 878 3295; x_wconf 91' lang='grc' dir='ltr'><strong><em>τῶν</em></strong></span> <span class='ocrx_word' id='word_1_284' title='bbox 899 3229 1060 3308; x_wconf 87' lang='grc' dir='ltr'><strong><em>πατέρων</em></strong></span> <span class='ocrx_word' id='word_1_285' title='bbox 1082 3216 1208 3310; x_wconf 75' lang='grc' dir='ltr'><strong><em>ἡμῶνι,</em></strong></span> <span class='ocrx_word' id='word_1_286' title='bbox 1235 3225 1292 3289; x_wconf 87' lang='grc' dir='ltr'><strong><em>καὶ</em></strong></span> <span class='ocrx_word' id='word_1_287' title='bbox 1314 3215 1394 3289; x_wconf 90' lang='grc' dir='ltr'><strong><em>τάδε</em></strong></span> <span class='ocrx_word' id='word_1_288' title='bbox 1417 3217 1461 3289; x_wconf 83' lang='grc' dir='ltr'><strong><em>τά</em></strong></span> <span class='ocrx_word' id='word_1_289' title='bbox 1482 3224 1569 3308; x_wconf 85' lang='grc' dir='ltr'><strong><em>εἰρη-</em></strong></span> 
     </span>
     <span class='ocr_line' id='line_1_29' title="bbox 259 3316 1568 3413; baseline -0.004 -19"><span class='ocrx_word' id='word_1_290' title='bbox 259 3329 352 3413; x_wconf 89' lang='grc' dir='ltr'><strong><em>μένα.</em></strong></span> <span class='ocrx_word' id='word_1_291' title='bbox 396 3320 522 3395; x_wconf 83' lang='grc' dir='ltr'><strong><em>ούκοῦν</em></strong></span> <span class='ocrx_word' id='word_1_292' title='bbox 545 3331 574 3394; x_wconf 91' lang='grc' dir='ltr'><strong><em>εἰ</em></strong></span> <span class='ocrx_word' id='word_1_293' title='bbox 595 3329 709 3413; x_wconf 87' lang='grc' dir='ltr'><strong><em>μέλλει</em></strong></span> <span class='ocrx_word' id='word_1_294' title='bbox 730 3331 1039 3396; x_wconf 88' lang='grc' dir='ltr'><strong><em>καταναλίσκεσθαι</em></strong></span> <span class='ocrx_word' id='word_1_295' title='bbox 1062 3317 1080 3391; x_wconf 84' lang='grc' dir='ltr'>ὁ</span> <span class='ocrx_word' id='word_1_296' title='bbox 1101 3317 1276 3409; x_wconf 86' lang='grc' dir='ltr'><strong><em>μοχθηρός</em></strong></span> <span class='ocrx_word' id='word_1_297' title='bbox 1297 3316 1428 3406; x_wconf 80' lang='grc' dir='ltr'><strong><em>μόχθος</em></strong></span> <span class='ocrx_word' id='word_1_298' title='bbox 1449 3323 1504 3388; x_wconf 85' lang='grc' dir='ltr'><strong><em>καὶ</em></strong></span> <span class='ocrx_word' id='word_1_299' title='bbox 1527 3316 1568 3389; x_wconf 88' lang='grc' dir='ltr'><strong><em>τό</em></strong></span> 
     </span>
     <span class='ocr_line' id='line_1_30' title="bbox 259 3415 1570 3514; baseline -0.005 -20"><span class='ocrx_word' id='word_1_300' title='bbox 259 3427 379 3509; x_wconf 76' lang='grc' dir='ltr'><strong><em>ψευδὲς</em></strong></span> <span class='ocrx_word' id='word_1_301' title='bbox 402 3425 502 3511; x_wconf 74' lang='grc' dir='ltr'><strong><em>ἔργον</em></strong></span> <span class='ocrx_word' id='word_1_302' title='bbox 524 3429 598 3494; x_wconf 89' lang='grc' dir='ltr'><strong><em>τῶν</em></strong></span> <span class='ocrx_word' id='word_1_303' title='bbox 613 3430 784 3514; x_wconf 86' lang='grc' dir='ltr'><strong><em>πατέρων,</em></strong></span> <span class='ocrx_word' id='word_1_304' title='bbox 808 3421 968 3511; x_wconf 87' lang='grc' dir='ltr'><strong><em>αἰσχύνην</em></strong></span> <span class='ocrx_word' id='word_1_305' title='bbox 984 3428 1034 3492; x_wconf 89' lang='grc' dir='ltr'><strong><em>δεῖ</em></strong></span> <span class='ocrx_word' id='word_1_306' title='bbox 1047 3425 1216 3509; x_wconf 88' lang='grc' dir='ltr'><strong><em>γενέσθαι·</em></strong></span> <span class='ocrx_word' id='word_1_307' title='bbox 1238 3426 1319 3508; x_wconf 83' lang='grc' dir='ltr'><strong><em>πρὶν</em></strong></span> <span class='ocrx_word' id='word_1_308' title='bbox 1334 3416 1396 3507; x_wconf 85' lang='grc' dir='ltr'><strong><em>γάρ</em></strong></span> <span class='ocrx_word' id='word_1_309' title='bbox 1412 3415 1570 3506; x_wconf 84' lang='grc' dir='ltr'><strong><em>αἰσχύνης</em></strong></span> 
     </span>
     <span class='ocr_line' id='line_1_31' title="bbox 207 3515 1569 3613; baseline -0.002 -21"><span class='ocrx_word' id='word_1_310' title='bbox 207 3538 242 3594; x_wconf 83' lang='grc'><strong><em>30</em></strong></span> <span class='ocrx_word' id='word_1_311' title='bbox 260 3518 301 3594; x_wconf 86' lang='grc' dir='ltr'><strong><em>ού</em></strong></span> <span class='ocrx_word' id='word_1_312' title='bbox 325 3531 622 3594; x_wconf 70' lang='grc' dir='ltr'><strong><em>καταναλίσκεται</em></strong></span> <span class='ocrx_word' id='word_1_313' title='bbox 649 3517 667 3594; x_wconf 87' lang='grc' dir='ltr'><strong><em>ό</em></strong></span> <span class='ocrx_word' id='word_1_314' title='bbox 695 3522 825 3613; x_wconf 87' lang='grc' dir='ltr'><strong><em>μόχθος</em></strong></span> <span class='ocrx_word' id='word_1_315' title='bbox 851 3530 925 3595; x_wconf 90' lang='grc' dir='ltr'><strong><em>τῶν</em></strong></span> <span class='ocrx_word' id='word_1_316' title='bbox 950 3525 1113 3610; x_wconf 86' lang='grc' dir='ltr'><strong><em>πατέρων</em></strong></span> <span class='ocrx_word' id='word_1_317' title='bbox 1140 3516 1250 3608; x_wconf 79' lang='grc' dir='ltr'><strong><em>ἡμῶν&lt;</em></strong></span> <span class='ocrx_word' id='word_1_318' title='bbox 1269 3516 1391 3588; x_wconf 84' lang='grc' dir='ltr'><strong><em>καὶτὰ</em></strong></span> <span class='ocrx_word' id='word_1_319' title='bbox 1413 3515 1569 3606; x_wconf 87' lang='grc' dir='ltr'><strong><em>ἐπιφερό-</em></strong></span> 
     </span>
     <span class='ocr_line' id='line_1_32' title="bbox 258 3613 1569 3712; baseline -0.003 -20"><span class='ocrx_word' id='word_1_320' title='bbox 258 3651 349 3710; x_wconf 91' lang='grc' dir='ltr'><strong><em>μενα.</em></strong></span> <span class='ocrx_word' id='word_1_321' title='bbox 408 3621 462 3693; x_wconf 82' lang='grc' dir='ltr'><strong><em>διά</em></strong></span> <span class='ocrx_word' id='word_1_322' title='bbox 498 3628 604 3694; x_wconf 87' lang='grc' dir='ltr'><strong><em>τοῦτο</em></strong></span> <span class='ocrx_word' id='word_1_323' title='bbox 640 3621 908 3712; x_wconf 87' lang='grc' dir='ltr'><strong><em>κατανοήσωμεν</em></strong></span> <span class='ocrx_word' id='word_1_324' title='bbox 945 3617 1218 3709; x_wconf 76' lang='grc' dir='ltr'><strong><em>ἁμαρτανόντων</em></strong></span> <span class='ocrx_word' id='word_1_325' title='bbox 1254 3613 1428 3707; x_wconf 89' lang='grc' dir='ltr'><strong><em>διαφοράς.</em></strong></span> <span class='ocrx_word' id='word_1_326' title='bbox 1485 3622 1569 3688; x_wconf 85' lang='grc' dir='ltr'><strong><em>εἰσὶν</em></strong></span> 
     </span>
     <span class='ocr_line' id='line_1_33' title="bbox 259 3711 1568 3812; baseline -0.005 -20"><span class='ocrx_word' id='word_1_327' title='bbox 259 3717 515 3812; x_wconf 78' lang='grc' dir='ltr'><strong><em>ἁμαρτάνοντες</em></strong></span> <span class='ocrx_word' id='word_1_328' title='bbox 541 3730 598 3792; x_wconf 88' lang='grc' dir='ltr'><strong><em>καί</em></strong></span> <span class='ocrx_word' id='word_1_329' title='bbox 625 3719 687 3794; x_wconf 87' lang='grc' dir='ltr'><strong><em>ούκ</em></strong></span> <span class='ocrx_word' id='word_1_330' title='bbox 714 3720 951 3812; x_wconf 88' lang='grc' dir='ltr'><strong><em>αἰσχυνόμενοι</em></strong></span> <span class='ocrx_word' id='word_1_331' title='bbox 978 3717 1055 3793; x_wconf 80' lang='grc' dir='ltr'><strong><em>σύδὲ</em></strong></span> <span class='ocrx_word' id='word_1_332' title='bbox 1077 3715 1272 3806; x_wconf 88' lang='grc' dir='ltr'><strong><em>αἰδούμενοι</em></strong></span> <span class='ocrx_word' id='word_1_333' title='bbox 1294 3720 1348 3787; x_wconf 83' lang='grc' dir='ltr'><strong><em>ἐπὶ</em></strong></span> <span class='ocrx_word' id='word_1_334' title='bbox 1370 3733 1445 3798; x_wconf 88' lang='grc' dir='ltr'><strong><em>ταῖς</em></strong></span> <span class='ocrx_word' id='word_1_335' title='bbox 1467 3711 1568 3804; x_wconf 78' lang='grc' dir='ltr'><strong><em>ἆμαρ-</em></strong></span> 
     </span>
    </p>
   </div>
   <div class='ocr_carea' id='block_1_3' title="bbox 258 3885 1681 4134">
    <p class='ocr_par' dir='ltr' id='par_1_3' title="bbox 258 3885 1681 4134">
     <span class='ocr_line' id='line_1_34' title="bbox 342 3885 1567 3963; baseline -0.007 -15"><span class='ocrx_word' id='word_1_336' title='bbox 342 3893 358 3948; x_wconf 91' lang='grc'><strong><em>1</em></strong></span> <span class='ocrx_word' id='word_1_337' title='bbox 377 3893 440 3963; x_wconf 77' lang='lat' dir='ltr'>vgl.</span> <span class='ocrx_word' id='word_1_338' title='bbox 453 3893 530 3949; x_wconf 71' lang='lat' dir='ltr'><strong><em>msm.</em></strong></span> <span class='ocrx_word' id='word_1_339' title='bbox 545 3897 584 3960; x_wconf 90' lang='grc'><strong><em>11,</em></strong></span> <span class='ocrx_word' id='word_1_340' title='bbox 603 3895 627 3950; x_wconf 91' lang='grc'><strong><em>2.</em></strong></span> <span class='ocrx_word' id='word_1_341' title='bbox 646 3924 679 3934; x_wconf 91' lang='grc'><strong>-</strong></span> <span class='ocrx_word' id='word_1_342' title='bbox 697 3893 774 3948; x_wconf 77' lang='grc' dir='ltr'><strong><em>Βλίω.</em></strong></span> <span class='ocrx_word' id='word_1_343' title='bbox 788 3897 828 3960; x_wconf 91' lang='grc'><strong><em>11,</em></strong></span> <span class='ocrx_word' id='word_1_344' title='bbox 845 3897 862 3948; x_wconf 92' lang='grc'>4</span> <span class='ocrx_word' id='word_1_345' title='bbox 880 3895 901 3961; x_wconf 91' lang='lat' dir='ltr'><strong><em>(I</em></strong></span> <span class='ocrx_word' id='word_1_346' title='bbox 914 3893 984 3947; x_wconf 72' lang='lat' dir='ltr'>Kon.</span> <span class='ocrx_word' id='word_1_347' title='bbox 1000 3894 1041 3958; x_wconf 92' lang='grc'><strong><em>19,</em></strong></span> <span class='ocrx_word' id='word_1_348' title='bbox 1060 3893 1110 3958; x_wconf 77' lang='grc'><strong><em>18).</em></strong></span> <span class='ocrx_word' id='word_1_349' title='bbox 1129 3919 1162 3929; x_wconf 95' lang='grc'>-</span> <span class='ocrx_word' id='word_1_350' title='bbox 1180 3889 1199 3943; x_wconf 83' lang='grc'><strong><em>0</em></strong></span> <span class='ocrx_word' id='word_1_351' title='bbox 1216 3889 1295 3943; x_wconf 76' lang='grc' dir='ltr'><strong><em>Ιίὅω.</em></strong></span> <span class='ocrx_word' id='word_1_352' title='bbox 1309 3890 1349 3950; x_wconf 89' lang='grc'><strong><em>11,</em></strong></span> <span class='ocrx_word' id='word_1_353' title='bbox 1366 3889 1390 3942; x_wconf 85' lang='grc'><strong><em>5.</em></strong></span> <span class='ocrx_word' id='word_1_354' title='bbox 1409 3917 1441 3926; x_wconf 95' lang='grc'>-</span> <span class='ocrx_word' id='word_1_355' title='bbox 1458 3887 1473 3940; x_wconf 78' lang='grc' dir='ltr'><strong><em>ί</em></strong></span> <span class='ocrx_word' id='word_1_356' title='bbox 1490 3885 1567 3940; x_wconf 78' lang='grc' dir='ltr'><strong><em>Βδω.</em></strong></span> 
     </span>
     <span class='ocr_line' id='line_1_35' title="bbox 259 3965 1568 4048; baseline -0.005 -18"><span class='ocrx_word' id='word_1_357' title='bbox 259 3980 299 4043; x_wconf 89' lang='grc'><strong><em>11,</em></strong></span> <span class='ocrx_word' id='word_1_358' title='bbox 311 3978 352 4032; x_wconf 94' lang='grc'><strong><em>26.</em></strong></span> <span class='ocrx_word' id='word_1_359' title='bbox 370 4008 404 4018; x_wconf 89' lang='grc'>-</span> <span class='ocrx_word' id='word_1_360' title='bbox 423 3978 501 4035; x_wconf 71' lang='lat' dir='ltr'>loir.</span> <span class='ocrx_word' id='word_1_361' title='bbox 519 3978 583 4048; x_wconf 84' lang='lat' dir='ltr'><strong>Vgl.</strong></span> <span class='ocrx_word' id='word_1_362' title='bbox 597 3977 738 4045; x_wconf 58' lang='grc'><strong><em>(106168,</em></strong></span> <span class='ocrx_word' id='word_1_363' title='bbox 753 3975 1081 4048; x_wconf 75' lang='lat' dir='ltr'>72(0rig.11,290,1ffi):</span> <span class='ocrx_word' id='word_1_364' title='bbox 1101 3969 1117 4028; x_wconf 83' lang='grc' dir='ltr'>ὁ</span> <span class='ocrx_word' id='word_1_365' title='bbox 1135 3972 1291 4042; x_wconf 83' lang='grc' dir='ltr'><strong><em>δυνάμενος</em></strong></span> <span class='ocrx_word' id='word_1_366' title='bbox 1308 3967 1333 4026; x_wconf 85' lang='grc' dir='ltr'><strong><em>δ’</em></strong></span> <span class='ocrx_word' id='word_1_367' title='bbox 1351 3969 1390 4036; x_wconf 90' lang='grc' dir='ltr'><strong><em>εἰς</em></strong></span> <span class='ocrx_word' id='word_1_368' title='bbox 1407 3978 1496 4025; x_wconf 84' lang='grc' dir='ltr'><strong><em>ταῦτα</em></strong></span> <span class='ocrx_word' id='word_1_369' title='bbox 1515 3965 1568 4024; x_wconf 80' lang='grc' dir='ltr'><strong><em>δία</em></strong></span> 
     </span>
     <span class='ocr_line' id='line_1_36' title="bbox 258 4055 1681 4134; baseline -0.007 -18"><span class='ocrx_word' id='word_1_370' title='bbox 258 4060 311 4128; x_wconf 78' lang='grc' dir='ltr'><strong><em>μὲν</em></strong></span> <span class='ocrx_word' id='word_1_371' title='bbox 333 4064 513 4131; x_wconf 79' lang='grc' dir='ltr'><strong><em>κατανοήσας</em></strong></span> <span class='ocrx_word' id='word_1_372' title='bbox 535 4064 586 4130; x_wconf 74' lang='grc' dir='ltr'><strong><em>τὴν</em></strong></span> <span class='ocrx_word' id='word_1_373' title='bbox 609 4065 767 4134; x_wconf 81' lang='grc' dir='ltr'><strong><em>σαφήνειαν</em></strong></span> <span class='ocrx_word' id='word_1_374' title='bbox 788 4067 837 4130; x_wconf 85' lang='grc' dir='ltr'><strong><em>τῆς</em></strong></span> <span class='ocrx_word' id='word_1_375' title='bbox 860 4061 1035 4132; x_wconf 79' lang='grc' dir='ltr'><strong><em>προφητείας</em></strong></span> <span class='ocrx_word' id='word_1_376' title='bbox 1052 4055 1262 4132; x_wconf 85' lang='grc' dir='ltr'><strong><em>παραστησάτω</em></strong></span> <span class='ocrx_word' id='word_1_377' title='bbox 1280 4095 1346 4110; x_wconf 89' lang='grc'><strong>....</strong></span> <span class='ocrx_word' id='word_1_378' title='bbox 1364 4057 1413 4110; x_wconf 88' lang='grc' dir='ltr'><strong><em>καί</em></strong></span> <span class='ocrx_word' id='word_1_379' title='bbox 1430 4072 1568 4121; x_wconf 87' lang='grc' dir='ltr'><strong><em>κατανοη-</em></strong></span> <span class='ocrx_word' id='word_1_380' title='bbox 1677 4078 1681 4086; x_wconf 91' lang='grc'>·</span> 
     </span>
    </p>
   </div>
   <div class='ocr_carea' id='block_1_4' title="bbox 259 4133 1567 4302">
    <p class='ocr_par' dir='ltr' id='par_1_4' title="bbox 259 4133 1567 4302">
     <span class='ocr_line' id='line_1_37' title="bbox 260 4133 1567 4216; baseline -0.005 -18"><span class='ocrx_word' id='word_1_381' title='bbox 260 4143 344 4212; x_wconf 80' lang='grc' dir='ltr'><strong><em>σάτα,</em></strong></span> <span class='ocrx_word' id='word_1_382' title='bbox 361 4146 390 4201; x_wconf 91' lang='grc' dir='ltr'><strong><em>τί</em></strong></span> <span class='ocrx_word' id='word_1_383' title='bbox 405 4145 439 4202; x_wconf 85' lang='grc' dir='ltr'><strong><em>τὸ</em></strong></span> <span class='ocrx_word' id='word_1_384' title='bbox 459 4144 672 4202; x_wconf 65' lang='grc' dir='ltr'><strong><em>»ἐκκαλεῖσθαι</em></strong></span> <span class='ocrx_word' id='word_1_385' title='bbox 689 4145 798 4212; x_wconf 85' lang='grc' dir='ltr'><strong><em>πάντας</em></strong></span> <span class='ocrx_word' id='word_1_386' title='bbox 814 4145 848 4202; x_wconf 85' lang='grc' dir='ltr'><strong><em>τὸ</em></strong></span> <span class='ocrx_word' id='word_1_387' title='bbox 867 4141 960 4214; x_wconf 78' lang='grc' dir='ltr'><strong><em>ὄνομα</em></strong></span> <span class='ocrx_word' id='word_1_388' title='bbox 979 4145 1085 4216; x_wconf 86' lang='grc' dir='ltr'><strong><em>κυρίου,</em></strong></span> <span class='ocrx_word' id='word_1_389' title='bbox 1103 4149 1155 4198; x_wconf 84' lang='grc' dir='ltr'><strong><em>τοῦ</em></strong></span> <span class='ocrx_word' id='word_1_390' title='bbox 1171 4139 1313 4197; x_wconf 86' lang='grc' dir='ltr'><strong><em>δουλεύειν</em></strong></span> <span class='ocrx_word' id='word_1_391' title='bbox 1327 4137 1402 4212; x_wconf 78' lang='grc' dir='ltr'><strong><em>αὐτῷ</em></strong></span> <span class='ocrx_word' id='word_1_392' title='bbox 1414 4133 1469 4193; x_wconf 80' lang='grc' dir='ltr'><strong><em>ὑπὸ</em></strong></span> <span class='ocrx_word' id='word_1_393' title='bbox 1482 4136 1567 4208; x_wconf 85' lang='grc' dir='ltr'><strong><em>ζυγὸν</em></strong></span> 
     </span>
     <span class='ocr_line' id='line_1_38' title="bbox 259 4224 1138 4302; baseline -0.002 -18"><span class='ocrx_word' id='word_1_394' title='bbox 259 4224 334 4284; x_wconf 66' lang='grc' dir='ltr'><strong><em>ἔναιε.</em></strong></span> <span class='ocrx_word' id='word_1_395' title='bbox 353 4260 387 4269; x_wconf 95' lang='grc'><strong>-</strong></span> <span class='ocrx_word' id='word_1_396' title='bbox 406 4230 445 4286; x_wconf 98' lang='grc'><strong><em>12</em></strong></span> <span class='ocrx_word' id='word_1_397' title='bbox 464 4231 529 4302; x_wconf 83' lang='lat' dir='ltr'><strong>vgl.</strong></span> <span class='ocrx_word' id='word_1_398' title='bbox 543 4231 661 4301; x_wconf 79' lang='lat' dir='ltr'><strong>Zephan.</strong></span> <span class='ocrx_word' id='word_1_399' title='bbox 674 4233 698 4296; x_wconf 91' lang='lat'><strong><em>3,</em></strong></span> <span class='ocrx_word' id='word_1_400' title='bbox 711 4233 734 4287; x_wconf 88' lang='lat'><strong><em>9.</em></strong></span> <span class='ocrx_word' id='word_1_401' title='bbox 753 4261 786 4270; x_wconf 96' lang='lat'>-</span> <span class='ocrx_word' id='word_1_402' title='bbox 806 4230 884 4286; x_wconf 72' lang='lat'><strong>1511.</strong></span> <span class='ocrx_word' id='word_1_403' title='bbox 902 4229 974 4284; x_wconf 72' lang='lat' dir='ltr'><strong>Psal.</strong></span> <span class='ocrx_word' id='word_1_404' title='bbox 988 4232 1029 4294; x_wconf 80' lang='grc'><strong><em>67,</em></strong></span> <span class='ocrx_word' id='word_1_405' title='bbox 1041 4230 1082 4283; x_wconf 88' lang='grc'><strong><em>32.</em></strong></span> <span class='ocrx_word' id='word_1_406' title='bbox 1097 4229 1138 4283; x_wconf 87' lang='grc'><strong><em>33.</em></strong></span> 
     </span>
    </p>
   </div>
   <div class='ocr_carea' id='block_1_5' title="bbox 259 4347 1574 4750">
    <p class='ocr_par' dir='ltr' id='par_1_5' title="bbox 259 4347 1574 4750">
     <span class='ocr_line' id='line_1_39' title="bbox 343 4347 1574 4436; baseline -0.01 -14"><span class='ocrx_word' id='word_1_407' title='bbox 343 4367 362 4422; x_wconf 82' lang='lat'>4</span> <span class='ocrx_word' id='word_1_408' title='bbox 379 4361 444 4436; x_wconf 84' lang='grc' dir='ltr'><strong><em>κᾶν]</em></strong></span> <span class='ocrx_word' id='word_1_409' title='bbox 463 4367 512 4422; x_wconf 90' lang='grc' dir='ltr'><strong><em>καί</em></strong></span> <span class='ocrx_word' id='word_1_410' title='bbox 529 4366 573 4420; x_wconf 88' lang='lat' dir='ltr'><strong><em>Gh</em></strong></span> <span class='ocrx_word' id='word_1_411' title='bbox 586 4365 664 4420; x_wconf 79' lang='grc' dir='ltr'><strong><em>Βίαεε</em></strong></span> <span class='ocrx_word' id='word_1_412' title='bbox 679 4368 683 4434; x_wconf 93' lang='grc' dir='ltr'>Ι</span> <span class='ocrx_word' id='word_1_413' title='bbox 698 4366 716 4422; x_wconf 92' lang='grc'><strong><em>0</em></strong></span> <span class='ocrx_word' id='word_1_414' title='bbox 732 4365 783 4436; x_wconf 78' lang='grc' dir='ltr'><strong><em>τίς]</em></strong></span> <span class='ocrx_word' id='word_1_415' title='bbox 801 4365 819 4419; x_wconf 92' lang='lat' dir='ltr'><strong><em>l.</em></strong></span> <span class='ocrx_word' id='word_1_416' title='bbox 838 4365 920 4430; x_wconf 68' lang='lat' dir='ltr'><strong><em>ude?</em></strong></span> <span class='ocrx_word' id='word_1_417' title='bbox 935 4367 939 4434; x_wconf 89' lang='grc' dir='ltr'>Ι</span> <span class='ocrx_word' id='word_1_418' title='bbox 956 4365 994 4420; x_wconf 92' lang='grc'><strong><em>12</em></strong></span> <span class='ocrx_word' id='word_1_419' title='bbox 1013 4361 1209 4419; x_wconf 86' lang='grc' dir='ltr'><strong><em>δουλεύσουσιν</em></strong></span> <span class='ocrx_word' id='word_1_420' title='bbox 1222 4359 1331 4429; x_wconf 62' lang='lat' dir='ltr'>(amco</span> <span class='ocrx_word' id='word_1_421' title='bbox 1344 4355 1549 4413; x_wconf 84' lang='grc' dir='ltr'><strong><em>δουλεύονσιν8</em></strong></span> <span class='ocrx_word' id='word_1_422' title='bbox 1564 4347 1574 4424; x_wconf 90' lang='grc' dir='ltr'><strong><em>ΙΙ</em></strong></span> 
     </span>
     <span class='ocr_line' id='line_1_40' title="bbox 259 4442 1568 4522; baseline -0.01 -16"><span class='ocrx_word' id='word_1_423' title='bbox 259 4451 297 4507; x_wconf 80' lang='grc'><strong><em>18</em></strong></span> <span class='ocrx_word' id='word_1_424' title='bbox 309 4449 451 4522; x_wconf 84' lang='grc' dir='ltr'><strong><em>περάτων]</em></strong></span> <span class='ocrx_word' id='word_1_425' title='bbox 463 4451 604 4506; x_wconf 77' lang='lat' dir='ltr'>vielleicht</span> <span class='ocrx_word' id='word_1_426' title='bbox 615 4451 652 4505; x_wconf 70' lang='lat' dir='ltr'><strong><em>ist</em></strong></span> <span class='ocrx_word' id='word_1_427' title='bbox 662 4450 735 4505; x_wconf 75' lang='lat' dir='ltr'>nach</span> <span class='ocrx_word' id='word_1_428' title='bbox 747 4467 770 4504; x_wconf 88' lang='grc' dir='ltr'><strong><em>ο.</em></strong></span> <span class='ocrx_word' id='word_1_429' title='bbox 780 4450 849 4505; x_wconf 80' lang='lat' dir='ltr'><strong>Cels.</strong></span> <span class='ocrx_word' id='word_1_430' title='bbox 859 4451 883 4516; x_wconf 89' lang='grc'><strong><em>8,</em></strong></span> <span class='ocrx_word' id='word_1_431' title='bbox 895 4451 927 4504; x_wconf 80' lang='grc'><strong><em>72</em></strong></span> <span class='ocrx_word' id='word_1_432' title='bbox 937 4448 1021 4518; x_wconf 77' lang='lat' dir='ltr'>(Orig.</span> <span class='ocrx_word' id='word_1_433' title='bbox 1031 4449 1064 4515; x_wconf 92' lang='grc' dir='ltr'><strong><em>ΙΙ,</em></strong></span> <span class='ocrx_word' id='word_1_434' title='bbox 1073 4449 1131 4510; x_wconf 87' lang='grc'><strong><em>289,</em></strong></span> <span class='ocrx_word' id='word_1_435' title='bbox 1142 4448 1185 4511; x_wconf 78' lang='grc'><strong><em>21)</em></strong></span> <span class='ocrx_word' id='word_1_436' title='bbox 1198 4449 1335 4512; x_wconf 82' lang='grc' dir='ltr'><strong><em>ποταμῶν</em></strong></span> <span class='ocrx_word' id='word_1_437' title='bbox 1347 4442 1550 4510; x_wconf 80' lang='lat' dir='ltr'>hinzuzufflgen</span> <span class='ocrx_word' id='word_1_438' title='bbox 1563 4443 1568 4508; x_wconf 89' lang='grc' dir='ltr'>Ι</span> 
     </span>
     <span class='ocr_line' id='line_1_41' title="bbox 261 4524 1568 4608; baseline -0.007 -19"><span class='ocrx_word' id='word_1_439' title='bbox 261 4535 296 4589; x_wconf 83' lang='lat'><strong><em>14</em></strong></span> <span class='ocrx_word' id='word_1_440' title='bbox 316 4531 357 4603; x_wconf 75' lang='grc' dir='ltr'><strong><em>ξζ</em></strong></span> <span class='ocrx_word' id='word_1_441' title='bbox 379 4535 397 4590; x_wconf 86' lang='lat' dir='ltr'>S</span> <span class='ocrx_word' id='word_1_442' title='bbox 421 4536 425 4602; x_wconf 92' lang='grc' dir='ltr'>Ι</span> <span class='ocrx_word' id='word_1_443' title='bbox 450 4537 486 4591; x_wconf 78' lang='grc'><strong><em>12</em></strong></span> <span class='ocrx_word' id='word_1_444' title='bbox 510 4529 621 4608; x_wconf 73' lang='grc' dir='ltr'><strong><em>Ἰακώβ]</em></strong></span> <span class='ocrx_word' id='word_1_445' title='bbox 645 4545 678 4595; x_wconf 95' lang='grc'>&lt;</span> <span class='ocrx_word' id='word_1_446' title='bbox 693 4535 767 4588; x_wconf 82' lang='lat' dir='ltr'><strong><em>LXX</em></strong></span> <span class='ocrx_word' id='word_1_447' title='bbox 790 4537 794 4603; x_wconf 94' lang='grc' dir='ltr'>Ι</span> <span class='ocrx_word' id='word_1_448' title='bbox 818 4535 857 4590; x_wconf 89' lang='grc'><strong><em>26</em></strong></span> <span class='ocrx_word' id='word_1_449' title='bbox 880 4531 974 4589; x_wconf 80' lang='grc' dir='ltr'><strong><em>αὐτῶν</em></strong></span> <span class='ocrx_word' id='word_1_450' title='bbox 982 4533 1000 4601; x_wconf 91' lang='lat'><strong><em>¹]</em></strong></span> <span class='ocrx_word' id='word_1_451' title='bbox 1024 4540 1056 4596; x_wconf 79' lang='grc' dir='ltr'><strong><em>-Ι-</em></strong></span> <span class='ocrx_word' id='word_1_452' title='bbox 1073 4533 1123 4587; x_wconf 88' lang='grc' dir='ltr'><strong><em>καί</em></strong></span> <span class='ocrx_word' id='word_1_453' title='bbox 1145 4531 1189 4586; x_wconf 84' lang='lat' dir='ltr'><strong><em>Gh</em></strong></span> <span class='ocrx_word' id='word_1_454' title='bbox 1212 4531 1216 4597; x_wconf 95' lang='grc' dir='ltr'>Ι</span> <span class='ocrx_word' id='word_1_455' title='bbox 1241 4528 1343 4584; x_wconf 87' lang='grc'><strong><em>28-8.</em></strong></span> <span class='ocrx_word' id='word_1_456' title='bbox 1359 4529 1400 4594; x_wconf 89' lang='grc'><strong><em>36,</em></strong></span> <span class='ocrx_word' id='word_1_457' title='bbox 1419 4528 1452 4581; x_wconf 89' lang='grc'><strong><em>10</em></strong></span> <span class='ocrx_word' id='word_1_458' title='bbox 1468 4524 1568 4580; x_wconf 85' lang='lat' dir='ltr'>Hierzu</span> 
     </span>
     <span class='ocr_line' id='line_1_42' title="bbox 259 4610 1524 4692; baseline -0.009 -15"><span class='ocrx_word' id='word_1_459' title='bbox 259 4619 459 4690; x_wconf 64' lang='lat' dir='ltr'>Fragm101n</span> <span class='ocrx_word' id='word_1_460' title='bbox 478 4619 509 4674; x_wconf 89' lang='lat' dir='ltr'><strong><em>C:</em></strong></span> <span class='ocrx_word' id='word_1_461' title='bbox 533 4617 604 4673; x_wconf 81' lang='grc' dir='ltr'><strong><em>Εἰ-</em></strong></span> <span class='ocrx_word' id='word_1_462' title='bbox 614 4615 691 4674; x_wconf 83' lang='grc' dir='ltr'><strong><em>Σιών</em></strong></span> <span class='ocrx_word' id='word_1_463' title='bbox 711 4619 715 4688; x_wconf 82' lang='grc' dir='ltr'>Ι</span> <span class='ocrx_word' id='word_1_464' title='bbox 735 4617 775 4676; x_wconf 87' lang='grc'><strong><em>28</em></strong></span> <span class='ocrx_word' id='word_1_465' title='bbox 793 4617 952 4692; x_wconf 85' lang='grc' dir='ltr'><strong><em>μοχθηρὸς]</em></strong></span> <span class='ocrx_word' id='word_1_466' title='bbox 971 4613 1079 4683; x_wconf 77' lang='grc' dir='ltr'><strong><em>ἄτοπος</em></strong></span> <span class='ocrx_word' id='word_1_467' title='bbox 1097 4615 1117 4670; x_wconf 88' lang='grc'><strong><em>0</em></strong></span> <span class='ocrx_word' id='word_1_468' title='bbox 1136 4616 1141 4684; x_wconf 93' lang='grc' dir='ltr'>Ι</span> <span class='ocrx_word' id='word_1_469' title='bbox 1160 4615 1201 4671; x_wconf 85' lang='grc'><strong><em>29</em></strong></span> <span class='ocrx_word' id='word_1_470' title='bbox 1218 4610 1320 4685; x_wconf 81' lang='grc' dir='ltr'><strong><em>ψευδὲς</em></strong></span> <span class='ocrx_word' id='word_1_471' title='bbox 1337 4613 1357 4666; x_wconf 85' lang='lat' dir='ltr'>G</span> <span class='ocrx_word' id='word_1_472' title='bbox 1377 4614 1480 4684; x_wconf 80' lang='grc' dir='ltr'><strong><em>ψεῦδος</em></strong></span> <span class='ocrx_word' id='word_1_473' title='bbox 1498 4611 1524 4665; x_wconf 82' lang='grc'><strong><em>8.</em></strong></span> 
     </span>
     <span class='ocr_line' id='line_1_43' title="bbox 1307 4697 1344 4750; baseline 0 -18"><span class='ocrx_word' id='word_1_474' title='bbox 1307 4697 1344 4750; x_wconf 83' lang='lat'><strong><em>3*</em></strong></span> 
     </span>
    </p>
   </div>
   <div class='ocr_carea' id='block_1_6' title="bbox 0 0 1856 5540">
    <p class='ocr_par' dir='ltr' id='par_1_6' title="bbox 0 0 1856 5540">
     <span class='ocr_line' id='line_1_44' title="bbox 0 0 1856 5540; baseline 0 0"><span class='ocrx_word' id='word_1_475' title='bbox 0 0 1856 5540; x_wconf 95' lang='lat' dir='ltr'><strong><em> </em></strong></span> 
     </span>
    </p>
   </div>
  </div>
 </body>
</html>
