3768 5544
647 454 768 510 Romilio
785 455 857 510 VIII.
891 455 989 512 Jorom.
1009 459 1048 525 10,
1067 458 1176 512 12-14.
1524 463 1564 526 59

256 619 367 693 Ἠλίου
388 622 526 710 ἔμελλεν
548 614 567 690 ό
589 614 686 701 ὑετὸς
708 625 869 708 γίνεσθαι,
892 623 986 707 ἴχνος
1005 617 1113 709 ἐφάνη
1136 628 1281 710 νεφέλης
1307 617 1372 702 »ῶς
1393 624 1485 709 ἴχνος
1508 616 1564 692 ἀν-

257 720 352 809 δρὸςι
386 726 442 790 καὶ
467 722 602 808 ἐγένετο
629 725 755 808 νεφέλη
782 725 927 792 ποιοῦσα
953 719 1017 791 τὸν
1045 714 1155 792 ὑετόν.
1202 717 1249 802 ῶς
1277 724 1313 790 δὲ
1337 717 1565 809 ὑπαρχουσῶν

256 828 318 911 μέν
339 826 413 892 τῶν
434 825 599 904 νεφελῶν,
620 826 854 906 κελευομένων
877 825 912 889 δέ
933 819 978 910 μή
1000 813 1072 891 όειν
1094 813 1180 892 όταν
1196 816 1486 910 ἀ<να>ξίαήφοχή
1503 826 1566 892 τοῦ

256 919 358 992 ὑετοῦ
394 914 558 1008 τυγχόνλλ,
601 925 733 1006 λέγεται
773 919 815 990 τὸ
858 937 950 1002 »ταῖς
988 925 1145 1006 νεφέλαις
1184 924 1381 1008 ἐντελοῦμαι
1419 927 1483 992 τοῦ
1520 918 1565 1008 μή

172 1029 239 1084 2⁴10v
256 1026 368 1108 βρέξαι
394 1015 446 1090 ἐπ’
469 1013 576 1090 αὑτὸν
602 1013 733 1089 ὑετόνι.
752 1023 756 1104 1
776 1016 903 1090 οόκοῦν
929 1021 1069 1103 ἕκαστος
1091 1027 1165 1090 τῶν
1187 1015 1296 1108 ἀγίων
1318 1025 1442 1108 νεφέλη
1465 1024 1566 1091 ἐστίν.

257 1125 384 1208 Μωσῆς
421 1124 545 1207 νεφέλη
580 1109 622 1207 ήν
651 1123 706 1186 καὶ
735 1115 783 1200 ῶς
813 1123 937 1207 νεφέλη
969 1123 1092 1209 ἔλεγεν·
1132 1115 1302 1209 ιπρόσεχε,
1338 1116 1474 1206 οῦρανέ,
1509 1123 1565 1190 καὶ

258 1216 407 1308 λαλήσω·
437 1224 493 1288 καὶ
521 1214 675 1290 ἀκουέτω
706 1223 747 1307 γῆ
775 1215 907 1307 ῥήματα
934 1216 1103 1309 στόματός
1129 1246 1200 1308 μου.
1243 1215 1494 1306 προσδοκόσθω
1518 1213 1565 1300 ῶς

256 1317 353 1401 ὑετὸς
368 1317 409 1390 τό
426 1313 632 1406 ἀπόφθεγμά
647 1344 720 1406 μου.
751 1317 851 1408 (εἰμὴ
867 1308 910 1406 ήν
925 1325 1062 1408 νεφέλη,
1079 1315 1236 1392 οὐδέποτ’
1247 1316 1289 1390 ἀν
1299 1320 1383 1390 εἶπε·
1402 1325 1563 1408 »προσδο-

256 1415 377 1490 κάσθω
400 1413 448 1498 σός
470 1413 568 1499 ὑετὸς
591 1416 631 1488 τὸ
653 1413 860 1505 ἀπόφθεγμό
880 1423 976 1506 μου,>
1002 1424 1058 1489 καὶ
1074 1422 1085 1508 ΙΙ
1100 1417 1283 1509 καταβήτω
1307 1415 1355 1503 ῶς
1377 1416 1498 1508 δρόσος
1520 1411 1564 1488 ’τά
1586 1429 1636 1482 173

207 1538 241 1592 10
257 1513 390 1608 ῥήματά
412 1544 506 1605 μουι.
550 1513 598 1599 ῶς
621 1522 744 1606 νεφέλη
767 1522 866 1606 λέχει·
893 1514 991 1588 »ῶσεὶ
1006 1511 1130 1607 ὄμβρος
1144 1515 1196 1588 ἐπ’
1213 1518 1391 1607 ἄγρωστιν,
1415 1524 1469 1587 καί
1485 1513 1564 1588 ῶσεὶ

258 1615 396 1704 νιφετὸς
422 1621 476 1687 ἐπὶ
501 1613 639 1704 χόρτον·
671 1609 725 1686 ότι
753 1609 860 1706 ὄνομα
885 1625 1004 1707 κυρίου
1025 1615 1194 1690 ἐκάλεσαι.
1237 1611 1349 1701 οὑτως
1371 1614 1418 1699 ῶς
1441 1625 1565 1706 νεφέλη

256 1723 311 1788 καί
326 1713 456 1798 Ἡσαΐας
479 1723 578 1804 λέχει·
603 1714 732 1800 »ἄκουε
756 1713 887 1804 οῦρανέ,
909 1723 965 1788 καὶ
981 1720 1154 1805 ἐνωτίςου,
1177 1724 1227 1808 γῆ,
1251 1711 1434 1806 ότικόριος
1449 1713 1565 1806 ἐλάλη-

257 1841 344 1888 σενι.
386 1823 442 1888 καὶ
469 1812 647 1905 ἐπειόήπερ
673 1823 730 1886 καὶ
757 1811 860 1899 αὑτὸς
886 1807 929 1905 ήν
957 1823 1093 1906 νεφέλη,
1126 1820 1239 1906 ἐλεγεν
1262 1823 1298 1889 δὲ
1320 1821 1464 1904 νεφέλας
1486 1815 1565 1900 τοῦς

258 1915 605 2005 συμπροφητεῦοντας
621 1911 725 2004 αὑτῶ,
746 1921 849 2003 φησὶν
864 1915 1110 2004 προφητεύων·
1136 1936 1227 2000 »ταῖς
1243 1924 1397 2004 νεφέλαις
1412 1921 1565 1988 ἐντελοῦ-

208 2035 239 2088 15
256 2044 314 2106 μαι
337 2023 400 2087 τοῦ
422 2016 466 2105 μή
488 2021 601 2103 βρέξαι
624 2020 669 2096 εἰς
692 2011 799 2087 αὑτὸν
820 2011 952 2086 ὑετόνι.

340 2125 367 2186 4.
391 2122 432 2186 Εἰ
454 2120 489 2185 δὲ
512 2111 670 2204 νενόηται
686 2110 773 2202 ήμῑν,
797 2122 886 2197 τίνες
900 2121 983 2186 εἰσὶν
998 2119 1032 2185 αί
1047 2121 1194 2202 νεφέλαι,
1216 2119 1342 2205 ἴδωμεν
1357 2122 1433 2198 πῶς
1449 2110 1467 2187 ὁ
1483 2113 1564 2197 θεὸς

258 2212 396 2306 ἀνάγων
417 2218 510 2287 ἐστὶν
535 2219 694 2301 »νεφέλας
716 2218 751 2298 ἐξ
773 2211 914 2302 ἐσχάτου
936 2221 997 2304 τῆς
1019 2221 1106 2304 γήςι.
1142 2221 1217 2297 πῶς
1238 2211 1296 2286 ἀπ’
1321 2213 1483 2304 »ἐσχάτου
1505 2219 1566 2304 τῆς

257 2321 352 2405 γῆςι;
374 2321 478 2404 φησὶν
500 2309 518 2384 ό
541 2311 669 2404 σωτήρ·
694 2307 730 2384 »ὑ
750 2319 867 2385 θέλων
889 2319 926 2386 ἐν
947 2313 1025 2403 ὑμῖν
1047 2317 1131 2386 εἶναι
1153 2321 1292 2404 πρῶτος
1313 2315 1406 2386 ἔσται
1420 2312 1565 2386 πάντων

257 2417 425 2503 έσχατοςι.
469 2411 630 2503 ἐτήρησεν
651 2411 782 2500 ταύτην
803 2413 869 2502 τήν
890 2413 1039 2503 ἐντολήν
1057 2422 1207 2498 Παῦλος,
1227 2421 1282 2484 καὶ
1304 2405 1346 2504 ήν
1368 2416 1507 2502 ἔσχατος
1529 2417 1566 2484 ἐν

206 2537 240 2592 20
259 2515 373 2605 τούτῳ
397 2520 448 2604 τῷ
470 2511 595 2600 κόσμῳ.
633 2510 685 2582 διό
709 2536 824 2601 φησιν·
850 2519 960 2584 »δοκῶ
983 2511 1055 2604 γάρ,
1078 2509 1097 2584 ό
1122 2513 1203 2596 θεὸς
1219 2509 1304 2604 ἡμᾶς
1322 2513 1404 2596 τοῦς
1420 2509 1565 2584 ἀποστό-

258 2629 338 2698 λους
359 2610 521 2702 ἐσχάτους
542 2608 727 2697 ἀπέδειξεν,
755 2609 802 2694 ῶς
825 2617 1079 2696 ἐπιθανατίους,
1108 2606 1163 2686 ότι
1185 2620 1336 2701 θέατρον
1359 2610 1565 2702 ἐγενήθημεν

260 2723 308 2804 τῶ
339 2710 455 2802 κόσμῳ
485 2717 539 2783 καὶ
571 2709 724 2801 ἀγγέλοις
753 2718 809 2782 καὶ
840 2708 1070 2800 ἀνθρῶποιςι.
1113 2717 1143 2784 εί
1166 2742 1218 2796 τις
1246 2706 1308 2786 οὖν
1334 2719 1426 2784 ἐστιν
1448 2718 1566 2802 τηρῶν

259 2816 323 2904 τήν
348 2820 413 2885 τοῦ
439 2818 594 2902 σωτῆρος
622 2811 767 2901 ἐντολήν
788 2817 843 2880 καί
865 2810 1044 2901 γενόμενος
1066 2813 1205 2899 ἔσχατος
1226 2809 1274 2894 ῶς
1295 2812 1381 2902 πρὸς
1404 2810 1467 2882 τόν
1490 2818 1565 2894 βίον

259 2920 400 2997 τοῦτον,
432 2901 534 2994 οὗτος
555 2919 684 2998 γίνεται
708 2916 841 3000 νεφέλη.
883 2919 940 2981 καὶ
962 2907 1077 2998 ἀνάγει
1101 2918 1245 2998 νεφέλας
1267 2906 1285 2982 ό
1309 2910 1390 2994 θεὸς
1412 2908 1473 2982 οὑκ
1496 2907 1564 2982 ἀπό

206 3035 239 3090 25
258 3021 331 3085 τῶν
352 3012 505 3099 πρῶτων
526 3016 588 3100 τῆς
609 3016 684 3100 γῆς,
707 3007 769 3082 οῦκ
792 3007 860 3082 ἀπὸ
881 3008 1061 3082 ὑπατικῶν
1082 3007 1199 3100 ἀνάγει
1222 3018 1378 3097 νεφέλας,
1412 3007 1473 3082 οῦκ
1496 3007 1564 3082 ἀπό

258 3109 456 3204 ἡγουμένων
483 3107 600 3198 ἀνάγει
622 3117 778 3196 νεφέλας,
809 3107 871 3182 οῦκ
893 3107 961 3182 ἀπὸ
984 3117 1173 3182 πλουσίων·
1208 3106 1401 3200 »μακάριοιι
1427 3111 1490 3198 γάρ
1515 3113 1565 3181 »σί

257 3217 399 3300 πτωχοί,
422 3205 477 3283 ότι
498 3205 641 3298 ὑμετέρα
663 3213 757 3280 ἐστίν
779 3205 799 3298 ή
821 3218 969 3296 βασιλεία
989 3214 1054 3281 τοῦ
1068 3216 1182 3281 θεοῦι.
1219 3205 1300 3302 ὁρᾷς
1316 3217 1392 3292 πῶς
1406 3205 1475 3281 ἀπό
1491 3215 1565 3280 τῶν

257 3311 409 3401 ἐσχάτων
437 3307 551 3398 ἀνάγει
578 3303 597 3380 ό
625 3308 708 3391 θεὸς
733 3313 788 3380 καί
811 3327 1042 3398 σωματοποιελ
1061 3308 1123 3392 τὰς
1145 3316 1301 3398 νεφέλας;
1332 3309 1387 3380 διὰ
1410 3316 1513 3379 τοῦτο
1537 3314 1565 3379 εί

257 3407 452 3501 βουλόμεθα
482 3416 638 3497 γενέσθαι
670 3415 823 3496 νεφέλαι,
854 3403 909 3494 ἐφ’
936 3406 976 3491 ἀς
1007 3405 1133 3495 φθάνει
1160 3404 1180 3499 ή
1207 3405 1352 3499 ἀλήθεια
1382 3415 1445 3479 τοῦ
1471 3414 1565 3492 θεοῦ,

206 3531 240 3587 30
258 3516 393 3599 ἔσχατοι
415 3507 558 3581 πάντων
580 3506 758 3596 γενῶμεθα
779 3514 835 3578 καὶ
856 3511 1004 3597 εἴπωμεν
1024 3509 1134 3596 ἐργοις
1155 3514 1211 3579 καλ
1232 3514 1380 3580 διαθέσει
1396 3508 1436 3580 τὸ
1455 3513 1565 3581 »δοκῶ

256 3609 336 3700 γάρ,
368 3605 387 3682 ό
417 3609 500 3690 θεὸς
533 3604 617 3697 ήμῦς
646 3607 728 3690 τοὺς
759 3605 973 3691 ἀποστόλους
1004 3605 1165 3696 ἐσχάτους
1194 3603 1393 3694 ἀπέδειξενι.
1435 3604 1499 3678 κάν
1520 3605 1565 3696 μή

258 3707 453 3792 ἀπόστολος
476 3699 515 3793 ῶ,
538 3709 645 3794 ἐξεστί
666 3735 723 3795 μοι
745 3713 902 3796 γενέσθαι
923 3703 1064 3796 ἐσχάτῳ,
1088 3710 1142 3778 ίνα
1165 3701 1184 3778 ὁ
1206 3707 1288 3791 θεὸς
1309 3705 1449 3797 ἀνάγων
1471 3710 1567 3793 νεφέ-

172 3821 241 3876 241r
258 3818 318 3892 λας
337 3817 342 3899 l
361 3804 418 3881 ἀπ’
446 3804 606 3896 »ἐσχάτου
628 3813 688 3897 τῆς
712 3812 787 3895 γῆς(
813 3803 963 3896 ἀναγάγη
985 3835 1032 3896 με.

344 3981 359 4035 1
380 3977 444 4050 Vgl.
457 3979 469 4032 I
481 3979 551 4032 Κὸο.
565 3979 605 4042 18,
622 3979 663 4032 44.
683 4008 713 4016 -
733 3976 752 4032 4
770 3977 823 4032 Jes.
835 3979 859 4045 5,
876 3981 901 4033 6.
918 4007 952 4016 —
969 3977 1023 4034 βπ.
1041 3977 1120 4032 θεοῦ
1133 3979 1174 4043 32,
1188 3979 1262 4032 1-3.
1291 3977 1356 4047 vgl.
1368 3976 1398 4030 in
1410 3975 1474 4030 Lev.
1486 3974 1566 4029 Hom.

259 4065 327 4130 10,2
345 4064 393 4132 (Lo
406 4065 430 4130 θ,
442 4063 535 4129 43οί.).
554 4093 587 4102 -
607 4062 642 4118 12
661 4062 714 4116 ίεε
728 4065 752 4128 1,
764 4063 788 4116 2.
808 4091 838 4099 -
859 4061 899 4117 14
916 4061 970 4116 Jes.
983 4064 1008 4124 5,
1020 4065 1043 4118 6.
1062 4093 1096 4102 -
1116 4061 1152 4117 18
1168 4061 1257 4116 Mark.
1270 4061 1294 4124 9,
1307 4063 1347 4118 35.
1362 4089 1395 4099 -
1409 4059 1483 4116 Ῑθίῐ.
1502 4057 1566 4128 Vgl.

257 4148 331 4204 Hier.
343 4147 448 4226 (ἔσοιτο,
461 4149 519 4203 913.
538 4177 571 4186 -
590 4147 627 4201 20
645 4146 734 4199 IKor.
746 4148 771 4213 4,
785 4146 807 4200 9.
827 4175 860 4184 -
879 4146 917 4201 20
933 4146 1001 4200 Luk.
1013 4147 1038 4222 β,
1051 4147 1093 4203 20.
1110 4174 1145 4185 -
1163 4147 1199 4201 80
1214 4147 1227 4200 Ι
1240 4146 1303 4201 Κατ.
1315 4147 1340 4211 4,
1353 4147 1378 4202 9.

343 4298 362 4355 8
381 4293 451 4354 όταν
468 4293 571 4363 ἀναξία
584 4296 622 4352 Go
640 4312 703 4349 ωιιιε
720 4295 838 4364 indigna
849 4295 875 4348 H
890 4300 894 4364 1
911 4297 929 4352 4
946 4293 1071 4367 τυγχάνῃ
1083 4338 1090 4352 .
1104 4336 1110 4350 .
1124 4335 1130 4347 .
1144 4335 1149 4347 .
1162 4291 1328 4364 ἐντελοῦμαι
1341 4295 1378 4349 Co
1391 4291 1496 4364 τυγχάν
1509 4291 1566 4362 [εἰσ]

259 4423 264 4435 .
279 4421 325 4436 ...
344 4378 557 4451 έντελλοῦμαιθ
573 4383 577 4450 Ι
592 4381 637 4447 θίθ
656 4379 718 4437 εί-
724 4399 782 4448 μου
799 4381 871 4436 nach
882 4381 921 4435 H:
941 4381 1042 4434 Sinon
1053 4381 1151 4448 suisset
1161 4380 1254 4446 nubes,
1272 4395 1424 4447 numquam
1436 4378 1566 4430 dixisset:

258 4467 452 4535 Ετεμειίιαίυτ
468 4471 500 4520 αλ
514 4467 612 4534 pluvia
629 4465 708 4519 verba
724 4482 785 4520 οιεα
800 4466 804 4533 ί
822 4465 859 4521 18
878 4459 974 4536 ἔλεγεν
991 4465 1029 4537 δέ]
1047 4471 1071 4520 εί
1089 4465 1188 4519 sciehat
1206 4465 1232 4518 H
1247 4465 1251 4532 1
1268 4465 1306 4518 22
1325 4459 1392 4530 ἐστι]
1411 4469 1444 4526 ÷
1456 4467 1567 4516 εαααίκε

258 4551 280 4604 H
300 4552 365 4621 (ng.
383 4551 448 4652 235)
472 4552 476 4617 Ι
499 4551 534 4606 θλ
555 4557 606 4606 τοῦ
622 4551 703 4620 θεοῦ]
721 4552 855 4605 coelorum
868 4549 894 4603 Η
912 4551 917 4618 Ι
935 4550 975 4606 82
994 4547 1155 4614 ἀπόστολος
1172 4540 1207 4619 ὧ]
1226 4549 1281 4602 sim
1298 4546 1436 4616 αροείοίαε
1454 4547 1479 4601 Η
1497 4543 1565 4602 ἀπο·

258 4635 376 4700 στόλους
394 4655 418 4690 ω
436 4635 462 4690 S.
