3694 5542
290 411 351 474 248
686 403 828 474 Origenes'
847 405 1205 477 Klagolioderkommentar.

292 557 343 637 σόν
364 563 549 658 ἐθεράπευε
571 565 613 638 τό
636 578 743 650 θεῖον,
771 571 1015 659 ἐναποκείμενα
1037 588 1110 652 τοῖς
1132 567 1271 654 ἀβάτοις
1294 567 1399 662 αύτῆς
1420 578 1527 642 παντί
1549 601 1601 661 τῳ

291 665 382 754 πλὴν
407 671 470 736 τοῦ
498 661 676 755 ἀρχιερέως
702 663 821 756 λόγου,
849 665 1134 758 ἐπιθυμήματα
1164 665 1287 759 αύτῆς
1317 682 1503 743 καλεῖσθαι.
1546 675 1600 743 ἐπί

290 763 406 838 πάντα
432 771 468 836 δέ
494 771 606 836 ταῦτα
630 759 649 836 ό
676 770 713 839 ἐν
740 773 791 857 τῷ
814 775 970 840 παλαίειν
990 768 1209 859 κεκρατηκὼς
1230 766 1363 858 ἐχθρός,
1385 778 1515 856 θλίψας
1537 768 1603 860 τὴν

292 861 333 940 οῦ
362 871 477 948 καλῶς
507 861 592 954 ύπόρ
623 863 728 957 αύτῆς
758 873 1045 959 στρατευομένην,
1075 864 1152 941 ἀλλ’
1183 865 1286 953 ἀξίως
1315 863 1383 940 ύπό
1414 873 1476 959 τῆς
1505 877 1603 952 θείας

256 979 273 1033 5
291 973 455 1054 βοηθείας
476 968 833 1057 ἐγκαταλελειμμένην,
856 969 1006 1050 ἐκτείνας
1028 963 1135 1040 αύτόν
1158 966 1211 1039 όιό
1234 973 1295 1056 τῆς
1317 973 1364 1051 εἰς
1385 965 1428 1038 τό
1447 968 1604 1058 μοχθηρὰ

291 1071 497 1154 δραστηρίου
519 1061 692 1154 όυνάμεως
710 1061 826 1152 αύτοῦ,
849 1072 1008 1154 ἐξέσπασε
1023 1073 1086 1139 τοῦ
1101 1063 1303 1157 ἡγεμονικοῦ
1317 1073 1373 1138 καί
1389 1069 1513 1155 ἔρημον
1529 1073 1602 1139 τῶν

291 1172 408 1236 καλοῦν
430 1170 657 1236 καταλέλοιπε
680 1163 746 1255 τὴν
768 1162 967 1239 ἀποστᾶσαν
989 1172 1075 1239 θεοῦ
1097 1163 1217 1255 ψυχήν.
1256 1171 1312 1236 καί
1335 1167 1436 1254 ἔθνη
1459 1170 1494 1237 όέ
1515 1166 1612 1238 κατὰ,

292 1263 356 1335 τόν
381 1260 494 1335 τόπου
516 1261 773 1354 ἀλληγορητέον
795 1265 859 1339 τόν
882 1259 985 1355 όχλον
1006 1272 1081 1337 τῶν
1101 1271 1242 1350 κακιῶν,
1270 1261 1516 1337 εἰσελθόντα
1547 1271 1604 1350 εἰς

292 1363 337 1436 τό
361 1366 610 1453 όημιουργηθέν
632 1361 836 1455 ἡγεμονικόν
857 1369 912 1436 ἐπὶ
932 1372 983 1455 τῷ
999 1367 1084 1438 εἰναι
1100 1373 1187 1439 θεοῦ
1200 1365 1394 1455 χωρητικὸν
1408 1371 1462 1436 καί
1478 1361 1604 1456 ἀληθὲς

242 1475 275 1530 10
293 1459 464 1552 ἀγίασμα
495 1469 560 1535 τοῦ
584 1471 794 1552 βουλομένου
821 1470 870 1554 νῷ
900 1471 1045 1556 καθαρῷ
1075 1463 1363 1538 ἐπαναπαύεσθαι.
1411 1458 1497 1555 ἀπερ
1519 1467 1604 1554 ἔθνη

294 1561 496 1653 ἀπαγορεύει
522 1557 541 1634 ό
568 1561 650 1646 θεός
671 1570 853 1647 παντελῶς
874 1567 1009 1636 εἰσιέναι
1039 1568 1095 1647 εἰς
1121 1563 1195 1656 τὴν
1221 1569 1456 1655 ἐκκλησίαν·
1486 1573 1521 1636 τί
1541 1563 1603 1653 γὰρ
1670 1617 1673 1624 .

294 1661 337 1734 ἀν
359 1661 446 1735 ἀλλο
467 1662 677 1751 κυριώτερον
699 1659 972 1753 ἀπαγορεύεσθαι
993 1672 1187 1754 νομίζοιμεν
1208 1661 1277 1737 ἀπό
1299 1670 1385 1737 θεοῦ
1400 1669 1604 1755 είσέρχεσθαι

295 1769 341 1845 εἰς
363 1761 475 1852 ψυχὴν
498 1760 750 1852 ἀριθμουμένην
772 1768 809 1834 ἐν
831 1768 989 1855 ἐκκλησίᾳ
1011 1769 1096 1836 θεοῦ
1117 1760 1139 1854 ἢ
1161 1764 1205 1836 τό
1225 1767 1305 1856 ἔργα
1318 1771 1375 1836 καὶ
1390 1761 1431 1835 τό
1447 1759 1604 1854 φρόνημα

295 1869 357 1952 τῆς
380 1857 516 1954 σαρκός,
545 1858 686 1952 ἀληθῶς
708 1865 793 1953 ἐθνη
816 1862 922 1954 ἐχθρά
944 1857 1030 1936 όντα
1051 1871 1115 1936 τοῦ
1136 1869 1235 1948 θεοῦ,·
1260 1858 1294 1952 »ἡ
1316 1861 1379 1952 γὰρ
1402 1862 1483 1951 σὰρξ
1504 1886 1601 1953 στρα-

244 1975 277 2029 15
296 1961 428 2033 τεύεται
456 1960 545 2032 κατὰ
573 1969 636 2033 τοῦ
661 1961 879 2051 πνεύματοᾳ,
901 1969 977 2035 »τοῦ
1003 1961 1223 2054 φρονήματος
1251 1966 1312 2051 τῆς
1338 1960 1461 2049 σαρκός
1483 1965 1605 2049 ἔχθρας

296 2055 396 2151 οῦσης
419 2065 464 2142 εἰς
486 2058 595 2132 θεόν·
621 2069 690 2152 »τῷ
713 2061 777 2152 γὰρ
800 2058 895 2154 νόμῳ
918 2067 982 2135 τοῦ
1003 2069 1088 2134 θεοῦ
1111 2057 1171 2150 ούχ
1185 2057 1427 2134 ῦποτάσσεται’
1451 2057 1527 2132 ούόὲ
1543 2060 1606 2151 γὰρ

295 2159 467 2232 όύναταιι.

637 2315 693 2382 Nr.
715 2316 862 2384 XXVIII.
905 2317 1030 2403 Klagel.
1044 2317 1159 2383 Jerem.
1176 2325 1201 2394 1,
1219 2324 1266 2382 11.

379 2474 610 2566 Ἐστέναςον
631 2479 685 2552 όιά
707 2477 807 2568 λιμόν
828 2488 884 2552 καὶ
904 2485 1024 2569 μικρᾶς
1042 2479 1140 2551 ἕνεκα
1161 2479 1347 2564 βρώσεως
1369 2475 1502 2566 ψυχὴν
1523 2481 1606 2548 ἐπι-

245 2595 279 2652 20
297 2577 554 2670 στρεφούσης
595 2583 818 2651 ἐκλείπουσαν
850 2597 1013 2669 παρεῖχον
1049 2577 1091 2650 τό
1127 2581 1326 2668 τιμιώτατα.
1382 2584 1457 2659 πῶς
1493 2581 1528 2647 όὲ
1563 2576 1607 2647 τὰ

296 2683 541 2769 προρρηθέντα
569 2676 853 2769 ἐπιθυμήματα
875 2678 967 2768 παρὰ
990 2685 1065 2752 τῶν
1085 2686 1261 2768 πολεμίων
1287 2674 1521 2765 ἀπενεχθέντα
1544 2704 1606 2747 πα-

298 2799 410 2869 ρεῖχον
432 2783 478 2860 είς
502 2774 599 2869 αἰνὴν
620 2784 766 2869 τροφῆς;
791 2774 864 2850 ἀλλ’
886 2782 1040 2864 »ἐξέτεινε
1060 2785 1123 2868 μέν
1144 2774 1163 2849 ό
1187 2775 1309 2866 ἐχθρός
1331 2780 1385 2848 ἐπὶ
1406 2773 1522 2848 πάντα
1544 2773 1608 2865 τὴν

297 2898 411 2968 χεῖρα,
438 2885 613 2967 κορεσθεὶς
639 2883 674 2950 όέ
701 2885 752 2968 τῷ
776 2885 889 2961 λαβεῖν
911 2871 998 2967 ἀπερ
1020 2873 1136 2967 ἤθελε,
1160 2875 1203 2948 τὰ
1226 2875 1328 2948 λοιπὰ
1351 2883 1607 2958 καταλέλοιπεν,

299 2973 378 3049 ἀνθ’
402 2970 453 3049 σόν
474 2982 636 3068 ἐπρίαντο
659 2975 723 3067 τὴν
746 2974 891 3068 τροφήν.

247 3221 281 3276 25
666 3215 722 3282 Nr.
744 3215 856 3281 XXIX.
900 3214 1260 3301 Klag01.Jerem.1,11.

385 3375 474 3467 Εύχὴ
495 3379 588 3467 παρὰ
611 3385 672 3467 τῆς
692 3371 905 3469 Ἰερουσαλὴμ
927 3375 968 3449 τό
995 3380 1069 3460 Ide,
1091 3373 1215 3463 κύριε,
1240 3375 1304 3464 τὴν
1326 3374 1407 3465 ἐμὴν
1430 3370 1608 3462 ἀτιμίαν.

299 3473 513 3565 ἀπολεσάσης
542 3477 605 3549 τὸν
626 3474 755 3566 κόσμον
778 3476 832 3547 διὰ
855 3475 961 3567 λιμόν.
1004 3473 1135 3565 μήποτε
1159 3480 1194 3545 όὲ
1216 3472 1364 3562 όιάφορα
1392 3472 1439 3544 τό
1470 3476 1611 3543 ἐπιθυ-

299 3574 471 3666 μήματα,
494 3582 759 3665 προηγουμένως
788 3583 849 3665 μὲν
877 3576 920 3647 τὰ
941 3579 1229 3664 προόεόηλωμένα
1250 3569 1315 3660 »ἐφ’
1338 3564 1423 3661 ἀπερ
1447 3567 1465 3643 ό
1488 3569 1611 3659 ἐχθρός

300 3681 442 3762 ἐξέτεινε
469 3675 534 3765 τὴν
555 3694 668 3766 χεῖραε,
692 3675 832 3765 δεύτερα
855 3681 890 3748 όέ
913 3675 954 3745 τὰ
978 3671 1053 3754 ἑνός
1076 3669 1221 3745 ἑκάστου
1240 3680 1314 3744 τῶν
1336 3666 1405 3743 ἀπό
1428 3677 1491 3742 τοῦ
1512 3675 1611 3743 λαοῦ·

249 3793 283 3849 30
300 3783 356 3846 καὶ
386 3775 430 3846 τὰ
459 3782 521 3865 μὲν
546 3774 644 3846 κοινὰ
670 3783 889 3865 παρείληφεν,
919 3770 995 3846 ἀντὶ
1023 3779 1059 3843 όὲ
1086 3779 1161 3844 τιῦν
1182 3777 1302 3844 ἰόικῶν
1323 3771 1464 3852 ίκαστος
1486 3765 1612 3841 ω’νεῑτο

385 3979 439 4038 m.
462 3977 523 4049 vgl.
545 3978 653 4048 Olymp.
672 3979 707 4048 (a
720 3997 745 4033 ει
759 3977 812 4046 0.):
840 3976 913 4050 πρός
934 3975 964 4034 όέ
986 3975 1123 4040 διάνοιαν,
1146 3972 1310 4046 ἀκάθαρτοί
1331 3991 1406 4038 τινες
1423 3973 1556 4044 λογισμοί
1573 3969 1614 4037 εἰς

300 4062 334 4118 τό
362 4056 464 4120 ἀόυτον
490 4069 539 4131 τῆς
565 4069 657 4134 ψυχῆς
683 4059 840 4135 ἐχώρησαν.
863 4092 897 4102 -
922 4062 960 4117 18
983 4061 1047 4132 vgl.
1066 4061 1126 4117 Gal.
1145 4064 1169 4128 5,
1188 4063 1221 4116 19
1249 4059 1327 4114 Ριόυε.
1345 4061 1369 4124 8,
1389 4060 1411 4112 ἵ.
1435 4087 1468 4096 —
1493 4059 1532 4113 l4
1550 4057 1613 4128 Vgl.

301 4148 363 4203 Gal.
381 4151 406 4214 5,
425 4149 465 4202 17.
484 4177 517 4187 -
537 4149 575 4204 15
593 4148 657 4218 Vgl.
676 4149 754 4202 Rbm.
771 4148 797 4212 8,
816 4151 838 4201 7.
856 4176 890 4186 -
911 4148 947 4203 1⁰
964 4145 1041 4201 Rom.
1059 4147 1083 4208 8,
1102 4149 1125 4200 ί.
1143 4175 1176 4184 —
1195 4143 1273 4200 ms.
1292 4143 1356 4214 Vgl.
1375 4142 1483 4213 olymp.
1500 4139 1555 4209 (Gh
1568 4140 1613 4206 111,

301 4235 356 4300 39):
373 4226 422 4287 ἵνα
436 4272 441 4284 .
454 4271 461 4285 .
474 4273 480 4286 .
494 4230 626 4304 θρέψωσι
637 4234 688 4300 τὴν
700 4227 886 4287 ἐκλείπουσαν
898 4233 999 4302 ψυχήν.
1012 4247 1045 4270 -·-
1059 4231 1109 4288 22.
1120 4228 1159 4284 28
1175 4226 1240 4298 vgl.
1254 4227 1361 4297 XIageI.
1370 4227 1470 4282 Jerom.
1483 4230 1506 4286 1,
1517 4225 1557 4279 10.

388 4398 407 4454 4
430 4394 501 4470 ὑπὲρ
525 4394 619 4467 αὐτῆς]
643 4393 690 4454 ἐντ’
713 4395 798 4467 αὐτῆς
820 4416 835 4452 ο
857 4393 927 4470 ίτιέρ
954 4395 1077 4466 αἰτῆςο
1104 4398 1109 4465 Ι
1134 4397 1154 4455 5
1177 4393 1265 4452 αἰτόν
1288 4413 1324 4450 co
1342 4391 1356 4457 'I
1382 4395 1402 4450 ό
1428 4390 1580 4461 ἐξέπεσεν
1627 4438 1628 4446 ,

301 4483 319 4539 8
338 4482 527 4539 εἰσελθόντων
545 4501 561 4537 ο
579 4481 804 4552 εἰσεληλυθότων
822 4499 838 4536 ο
858 4485 862 4552 Ι
886 4483 904 4537 θ
923 4483 973 4556 τῷ]
992 4481 1052 4547 w}
1071 4501 1086 4538 ο
1109 4485 1113 4552 Ι
1139 4481 1177 4539 14
1193 4481 1254 4549 τοῦ]
1275 4489 1340 4539 <ο
1363 4481 1367 4546 1
1389 4479 1425 4534 15
1449 4474 1556 4549 ἐχθρᾶς
1573 4494 1589 4532 ο
1610 4481 1613 4542 ί

305 4569 340 4624 16
360 4566 424 4624 οόόέ
441 4565 506 4640 γὰρ]
527 4565 560 4623 οὐ
578 4565 634 4639 γὰρ
652 4584 668 4622 ο
685 4565 720 4622 οὐ
738 4567 768 4624 όέ
786 4585 809 4622 ο.
