3658 5566
317 460 378 522 262
712 453 852 526 Origenee'
870 457 1227 529 mageliederkommentar.

315 614 598 708 >γρηγορὴσαντες
627 623 709 708 μηδὲ
739 616 1030 710 προσευξάμενον,
1061 630 1257 703 κλείσαντες
1283 625 1319 691 δέ
1345 620 1433 709 πρὸς
1458 617 1624 711 άμαρτίας

316 723 372 788 καὶ
398 711 597 807 ἀφροσύνην
618 718 700 799 τούς
722 725 783 807 τῆς
803 725 911 810 ψυχῆς
934 716 1143 812 ὀφθαλμούς.
1179 727 1235 791 καὶ
1257 728 1347 804 τίνες
1372 713 1485 807 οὕτως
1512 728 1541 794 εί
1562 729 1624 812 μὲν

316 814 522 904 παιδάρια,
550 814 592 889 ού
616 818 816 908 θαυμαστὸν
843 818 938 908 ἄγαν.
981 828 1056 893 νυνὶ
1078 826 1114 892 δέ
1134 819 1203 910 πρὸ
1227 818 1363 893 τούτων
1384 825 1418 893 οί
1439 827 1624 906 δοκοῦντες

316 921 559 1006 προβεβηκέναι
588 914 664 989 κατ’
687 915 812 1007 άρετὴν
842 925 897 990 καὶ
927 926 994 1004 πᾶς
1025 925 1060 992 δὲ
1090 919 1156 1011 τὴν
1184 920 1296 1010 ψυχὴν
1327 917 1538 1011 ἀδιάφθορος
1567 927 1622 992 καὶ

283 1016 462 1102 ὄδυνατὸς
492 1021 530 1089 ἐν
561 1025 702 1108 πολέμῳ
733 1024 871 1108 γέγονεν
897 1023 1032 1109 ἐχθροῖς
1057 1017 1258 1114 ύποχείριος.
1300 1021 1341 1091 σύ
1367 1027 1403 1092 δέ
1424 1017 1473 1104 οδς
1494 1019 1625 1110 ἀγαθὸς

317 1115 383 1206 τὴν
405 1117 568 1207 τοιαύτην
590 1113 708 1190 αὐτῶν
729 1117 934 1202 καταπαύεις
950 1117 1053 1210 ζωὴν,
1075 1127 1131 1192 καὶ
1145 1126 1364 1210 κατατέμνεις
1378 1125 1491 1192 πᾶσαν
1506 1117 1624 1192 αὐτῶν

317 1216 478 1290 σύστασιν
498 1216 564 1307 τὴν
586 1221 641 1289 ἐπὶ
663 1225 767 1308 κακῷ.

676 1456 733 1523 Νε.
754 1457 866 1524 LXIV.
907 1460 1032 1545 Klagel.
1046 1459 1161 1526 Jerem.
1175 1466 1204 1541 2,
1219 1465 1267 1526 22.

403 1623 442 1690 01
463 1619 595 1710 κύκλῳ
621 1649 696 1710 μου,
720 1629 810 1710 φησί,
833 1620 899 1710 τὴν
919 1617 1082 1695 Ἰουδαίαν
1104 1624 1279 1705 οἰκοῦντες
1300 1621 1366 1712 τὴν
1387 1627 1434 1706 είς
1460 1625 1515 1712 ἐμὲ
1537 1623 1625 1710 ἐορ-

267 1731 300 1787 10
318 1719 394 1808 τὴν
416 1716 571 1811 ἐνόμιζον
592 1717 803 1810 καταφυγήν,
827 1729 1001 1810 σωτηρίαν
1022 1725 1186 1794 ἐντεῦθεν
1207 1726 1414 1809 ἐλπίζοντες·
1443 1713 1494 1792 οάν
1515 1717 1625 1806 ούδελς

317 1815 610 1893 ὑπολέλειπται
645 1817 699 1892 διὰ
729 1819 796 1910 τὴν
825 1820 888 1911 σὴν
917 1817 1034 1904 αύτοῑς
1064 1825 1304 1910 ἐπενεχθεῖσαν
1334 1816 1464 1911 δργὴν.
1508 1818 1548 1893 δι’
1573 1813 1625 1892 ὦν

318 1919 381 2008 γάρ
403 1914 567 2010 ἥμαρτον,
589 1927 715 1992 πολλοὶ
736 1927 792 1991 καὶ
815 1926 954 1992 δυνατοὶ
976 1919 1155 2010 γεγόνασιν
1178 1925 1211 1992 οί
1232 1926 1380 2010 ἐχθροί.

695 2158 724 2224 Ν
730 2184 752 2225 r.
770 2158 867 2225 LXV.
909 2159 1032 2246 Klagel.
1046 2159 1066 2226 J
1070 2184 1160 2228 erem.
1176 2165 1203 2240 3,
1221 2168 1245 2228 1.

402 2323 501 2394 Δεινά
537 2329 656 2411 συνέβη
694 2329 745 2413 τῷ
785 2319 948 2411 προφήτῃ
980 2328 1035 2393 καί
1064 2329 1147 2413 πρὶν
1177 2317 1310 2394 άλῶναι
1339 2321 1405 2412 τὴν
1434 2318 1540 2395 πόλιν
1568 2332 1625 2394 καὶ

267 2435 300 2488 15
319 2421 445 2513 ταύτης
466 2421 661 2506 ἑαλωκυίας.
705 2420 756 2493 διὸ
779 2421 1022 2510 στοιχειοίσεως
1044 2423 1160 2512 ἑτέρας
1181 2419 1372 2511 κατάρχων,
1395 2421 1518 2494 ἑαυτὸν
1539 2417 1625 2493 άπο·

317 2520 462 2613 δύρεται,
499 2528 706 2610 πτωχείαν
741 2516 834 2613 δρῶν
868 2525 925 2592 καί
955 2527 1095 2610 ἐρημίαν
1125 2527 1187 2611 τῆς
1217 2518 1353 2604 πόλεως
1384 2521 1438 2593 διὰ
1468 2527 1625 2593 παιδείαν

316 2630 441 2710 κυρίου.
483 2629 539 2693 καὶ
565 2619 668 2704 αύτός
695 2626 731 2693 δέ
756 2617 857 2693 οὐδὲν
884 2613 993 2710 ἡττον
1018 2627 1158 2711 γέγονεν
1179 2625 1216 2692 ἐν
1238 2625 1348 2714 ἐνδείᾳ
1375 2618 1529 2709 άγαθῶν,
1556 2613 1624 2710 άμα

316 2728 377 2812 μὲν
409 2727 447 2794 ἐν
475 2717 667 2810 περιστάσει
699 2721 849 2810 γεγονώς
880 2717 977 2810 ἡνίκα
1006 2719 1152 2804 τούτους
1178 2719 1361 2812 ἐξήλεγχεν,
1390 2717 1480 2792 ὥστε
1502 2726 1622 2810 λέγειν·

319 2827 506 2893 »διετέλεσα
527 2817 812 2912 μυκτηριςόμενος
833 2827 946 2892 πᾶσαν
969 2818 1033 2910 τὴν
1054 2815 1211 2910 ἡμέρανι,
1235 2813 1301 2909 άμα
1323 2825 1359 2892 δὲ
1379 2827 1435 2890 καί
1455 2839 1529 2903 ταῖς
1547 2825 1623 2890 τῶν

265 2934 299 2988 20
317 2927 441 2994 δεινῶν
472 2917 589 2994 αύτῶν
618 2927 801 3010 κοινωνῶν
831 2939 1017 3010 συμφοραῖς
1047 2927 1101 2992 καὶ
1133 2927 1176 3008 τῇ
1206 2924 1243 2992 ἐκ
1274 2927 1482 3009 συμπαθείας
1512 2914 1624 3007 ὀδύνη.

316 3028 399 3112 φησὶ
432 3027 468 3092 δέ
496 3028 552 3091 καὶ
582 3021 670 3092 κατὰ
700 3020 764 3092 τὸν
787 3026 899 3106 Δαβίδ·
932 3017 1026 3090 »σκιά
1052 3016 1210 3091 θανάτου
1230 3024 1406 3090 ἐπεσκίασέ
1424 3047 1492 3108 μει,
1535 3011 1621 3090 ὅταν

315 3121 378 3210 γὰρ
401 3126 485 3210 δοκῇ
506 3126 516 3210 11
536 3118 622 3209 πρὸς
647 3118 750 3210 βραχὺ
776 3116 907 3189 διδόναι
933 3135 1005 3201 τοῖς
1026 3116 1146 3200 πόνοις
1169 3115 1359 3209 άνακωχὴν,
1381 3110 1481 3201 αὖθις
1501 3130 1620 3190 παλιν-
1643 3143 1699 3197 341

316 3227 432 3310 δρομεῑ
451 3225 586 3311 διηνεκῆ
607 3226 775 3309 τιμωρίαν
796 3216 1008 3306 ποιούμενος.

685 3457 742 3525 Nr.
761 3457 872 3524 LXVI.
915 3457 1038 3543 Klagel.
1052 3456 1077 3523 J
1078 3481 1170 3524 erem.
1186 3463 1214 3539 3,
1228 3463 1255 3526 3.

263 3641 296 3694 25
402 3621 445 3694 Τὸ
476 3615 578 3712 ὅλην
608 3619 683 3710 τὴν
713 3617 860 3711 ἡμέραν
891 3625 991 3710 δηλοῖ
1018 3615 1097 3691 καθ’
1121 3617 1267 3709 ἑκάστην
1297 3615 1431 3710 ἡμέραν,
1461 3615 1509 3703 οἷς
1529 3619 1621 3707 παρὰ

315 3730 365 3812 τῷ
389 3728 502 3811 Δαβίδ·
535 3714 638 3810 »ὅλην
665 3719 729 3811 τὴν
750 3717 877 3811 ἡμέραν
898 3727 1061 3808 πολεμῶν
1083 3721 1210 3802 ἐθλιηιέ
1229 3747 1299 3806 μει.
1343 3727 1500 3808 σημαίνοι
1522 3714 1554 3788 δ’
1579 3713 1621 3790 άν

315 3823 356 3894 τὸ
387 3825 556 3911 έστρεψε
581 3840 693 3910 χεῖρα
724 3817 850 3893 αύτοῦ
879 3827 935 3890 καὶ
961 3812 1016 3890 δτι
1043 3815 1148 3890 πάλαι
1174 3847 1231 3908 μοι
1253 3818 1296 3890 τὰ
1319 3815 1432 3908 ἀγαθά
1454 3824 1621 3909 χορηγῶν,

314 3929 376 3996 νύν
398 3921 460 4006 τὰς
482 3927 632 4003 παιδείας
654 3917 780 4010 ἐπάγει,
802 3915 960 4008 καθάπερ
982 3915 1156 4006 ἀλλάξας
1179 3917 1243 4007 τὴν
1263 3937 1365 4007 χεῖρα.

401 4113 417 4167 l
445 4111 508 4182 vgl.
527 4109 626 4165 Matssh.
645 4110 685 4174 26,
704 4113 736 4164 41
760 4109 849 4164 Mark.
869 4112 909 4174 14,
926 4109 968 4164 38.
996 4137 1029 4147 -
1056 4107 1095 4162 111
1117 4107 1215 4163 Jerem.
1233 4109 1274 4172 20,
1293 4110 1316 4164 7.
1342 4137 1376 4146 -
1404 4107 1441 4162 21
1462 4105 1526 4176 vgl.
1549 4105 1622 4160 Paul.

312 4199 353 4262 43,
371 4194 444 4252 202¹?
463 4225 495 4234 -
514 4195 552 4250 λθ
569 4194 642 4249 ΡιεΙ.
661 4197 703 4259 55,
716 4196 739 4247 2.
760 4223 791 4234 -
809 4192 845 4248 28
864 4191 925 4263 Vgl.
945 4185 981 4246 Σ’
1001 4190 1189 4264 (μεταβάλλει)
1207 4191 1265 4246 und
1282 4191 1355 4246 Lxx
1374 4191 1438 4246 Luc.
1456 4185 1622 4261 (ἐπέστρεψε

312 4277 423 4350 ἢλλαξε)
442 4279 498 4350 vgl.
512 4281 579 4335 Gen.
592 4279 633 4346 48,
647 4282 687 4333 14.
941 4309 945 4319 ·

397 4456 413 4511 1
437 4456 599 4520 κλίνσαντες
616 4451 689 4526 πρὸς
711 4471 727 4509 ο
747 4455 751 4520 1
772 4454 819 4520 112
843 4447 986 4523 ἁμαρτίαν
1002 4453 1051 4506 καί
1068 4448 1244 4523 εὐφροσύνην
1262 4450 1300 4518 ol
1321 4449 1360 4508 15
1383 4443 1541 4513 ἑαλωκυίας
1558 4446 1622 4502 Vnt,

312 4557 350 4618 gr.
371 4542 479 4605 1153154
506 4535 646 4606 ἁλωκυίας
669 4555 705 4594 co
724 4539 729 4606 1
754 4539 790 4594 17
816 4533 846 4593 ἐν
868 4533 944 4592 ἐνθία
966 4535 1084 4606 γέγονεν
1107 4552 1124 4589 ο
1146 4538 1149 4604 Ι
1173 4535 1210 4591 21
1234 4535 1281 4606 με]
1299 4553 1349 4604 μοι
1373 4553 1390 4590 ο
1413 4535 1418 4602 1
1443 4533 1482 4588 22
1507 4533 1578 4599 δοκῆ
1594 4534 1622 4584 οι

310 4627 392 4679 δοκεῖ
406 4624 472 4692 1ο*λ)
490 4642 507 4679 ο
527 4626 530 4694 1
550 4621 700 4694 ἀνακωχην
720 4623 782 4676 Vah.
801 4639 841 4692 gr.
860 4623 970 4690 1153154
987 4617 1132 4690 ἀνακοχὴν
1150 4636 1194 4676 co.
