3694 5542
616 455 735 513 Homilie
752 457 810 513 XX.
845 458 944 513 Jerem.
961 459 1002 525 20,
1020 460 1113 513 7-12.
1464 469 1522 534 193

214 616 290 708 χρή,
317 625 372 690 καί
400 618 440 691 τὸ
467 625 536 707 πῦρ
558 624 664 690 έκεῖνο
686 622 955 710 παραδεξάμεδα
977 625 1032 692 ἐπί
1054 639 1128 706 ταῖς
1150 617 1324 713 ἡμετέραις
1347 620 1522 714 ἁμαρτίαις

183 747 186 754 ’
214 717 397 808 ἐρχόμενον
420 715 468 802 αίς
490 726 541 808 τῷ
563 715 696 811 Ἱερεμίᾳ
717 729 774 792 καὶ
791 739 866 804 τοῖς
880 715 1018 809 ὁμοίοις,
1040 719 1156 810 κύριος
1171 731 1298 811 γίνεται
1312 723 1397 814 μετὰ
1414 731 1522 796 ταῦτα

212 815 288 906 μεθ’
311 814 408 909 ἡμῶν
442 819 578 902 »καδώς
607 819 756 908 μαχητὴς
786 818 942 908 ίσχόωνι.
983 826 1040 890 καὶ
1068 820 1141 892 »διὰ
1168 827 1274 894 τοῦτο
1301 827 1446 909 ἐδίωξαν
1465 831 1521 895 καί

214 923 333 1007 νοῆσαι
362 915 424 990 οὐκ
450 915 637 1008 ἠδύναντο(
673 922 718 1004 [σί
748 918 933 1004 διώκοντες
959 917 1066 991 αὐτόν
1091 916 1255 992 Ἰουδαῖοι·
1288 921 1520 1013 »ᾐσχύνθησαν

178 1015 345 1105 ὅσῳόδρα
375 1025 431 1088 καὶ
462 1014 524 1090 οδκ
554 1014 699 1108 ἐνόησαν
725 1014 858 1108 ἀτιμίας
886 1015 1038 1104 αότῶνι,
1066 1023 1103 1090 ἐν
1131 1020 1287 1112 τοσούτῳ
1313 1019 1428 1113 χρόνῳ
1450 1019 1521 1096 ἀτι-

212 1114 394 1207 μαζόμενοι
420 1114 462 1190 οδ
484 1124 639 1207 λέγουσιν
661 1119 796 1190 ἑαυτῶν
818 1118 880 1202 τὰς
902 1114 1088 1209 άμαρτίαςί,
1118 1114 1173 1192 ὅτι
1195 1116 1213 1194 δ
1235 1120 1350 1212 κόριος
1371 1113 1415 1212 ἦν
1436 1121 1520 1212 μετὰ

212 1223 276 1289 τοῦ
298 1223 522 1305 διωκομένου,
547 1224 603 1290 καί
630 1214 672 1291 οδ
698 1216 840 1290 δύναται
866 1215 1056 1308 ὑποχείριος
1082 1218 1199 1304 αδτοις
1219 1227 1377 1309 γενέσθαι
1399 1219 1520 1293 διωκό-

211 1345 320 1405 μενος.
361 1314 494 1407 μὴποτε
529 1309 601 1401 οὖν,
638 1314 686 1401 ιδς
716 1316 829 1389 πολλὰ
860 1323 924 1389 τοῦ
953 1313 1105 1408 Ἱερεμίου
1136 1316 1340 1408 ἀναφέρεται
1370 1327 1425 1392 ἐπὶ
1456 1319 1520 1393 τὸν

212 1422 357 1507 σωτῆρα,
379 1423 562 1489 καὶτοῦτο
586 1413 726 1489 δύναται
748 1423 911 1488 τοιοῦτον
931 1417 1032 1502 εἶναι;
1065 1419 1333 1510 »έπκσυ>στητει
1358 1419 1420 1510 γάρ
1446 1431 1519 1492 »καὶ

161 1528 194 1582 10
211 1520 443 1606 ἐπισυστῶμεν
471 1512 584 1607 αὐτῷ(
613 1519 822 1605 εἴρηταικαὶ
848 1520 902 1587 έπί
929 1524 993 1588 τοῦ
1014 1525 1177 1608 σωτῆρος.
1220 1516 1277 1592 καὶ
1302 1518 1451 1608 »κόριοςι
1476 1513 1519 1609 ἦν

210 1611 281 1702 μετ’
305 1612 412 1688 αὐτοῦ
446 1615 582 1697 »καδώς
614 1613 764 1705 μαχητὴς
786 1613 923 1704 ἰσχύων·
953 1614 1007 1688 διὰ
1029 1623 1134 1690 τοῦτο
1157 1624 1301 1707 ἐδίωξαν
1321 1628 1377 1692 καί
1400 1627 1519 1710 νοῆσαι

211 1711 273 1786 οόκ
302 1711 503 1804 ἦδόναντοι,
536 1718 568 1786 οί
600 1715 784 1799 διώκοντες
805 1711 912 1788 αὐτόν
934 1710 1097 1788 Ἰουδαῖοι·
1127 1716 1361 1808 »ᾐσχύνθησαν
1386 1716 1519 1809 σφόδρα

210 1819 266 1886 καί
293 1811 355 1886 οὐκ
380 1811 527 1903 ἐνόησαν
554 1811 687 1902 ἀτιμίας
715 1810 868 1899 αότῶνι,
895 1819 932 1888 ἐν
959 1814 1116 1908 τοσούτῳ
1143 1814 1257 1908 χρόνῳ
1280 1814 1518 1908 ἀτιμαζόμενοι

211 1908 252 1984 οδ
272 1919 426 2002 λέγουσιν
441 1915 575 1984 ἑαυτῶν
588 1913 650 1996 τὰς
665 1910 839 2004 άμαρτίας,
858 1918 911 1985 »αἳ
924 1911 966 1984 δι’
981 1921 1107 1998 αίῶνος
1121 1914 1185 1990 οόκ
1199 1915 1516 2008 έπιλησδήσονταιι,

159 2023 192 2078 15
211 2008 284 2083 ἀλλ’
307 2017 473 2102 οίον<ται>
504 2007 559 2084 ότι
590 2017 627 2084 έν
654 2021 704 2104 τῷ
736 2019 835 2084 αίῶνι
865 2014 982 2102 τούτῳ
1017 2013 1315 2107 έπιίησθτῇίσονται
1341 2015 1458 2090 αὐτῶν
1484 2023 1517 2090 αί
1538 2025 1589 2083 276

210 2108 354 2200 ἀνομίαι.
398 2109 489 2202 ἡμεῖς
510 2118 546 2184 δὲ
567 2107 702 2202 δρῶμεν
724 2106 779 2184 ότι
801 2109 843 2185 δι’
866 2120 991 2197 αἰῶνος
1013 2111 1130 2186 αὐτῶν
1151 2118 1184 2186 αἱ
1207 2113 1342 2206 ἀνομίαι
1364 2113 1426 2189 οδκ
1448 2122 1516 2189 έπι-

210 2208 455 2300 λησθὴσονται,
486 2218 542 2284 καί
575 2206 727 2299 δρῶντες
754 2211 951 2303 μεμνήμεθα
981 2220 1044 2285 τοῦ
1074 2214 1135 2304 »μὴ
1162 2211 1406 2306 δψηλοῳρόνει,
1431 2214 1518 2288 ἀλλὰ

209 2317 332 2398 φοβοῦ·
359 2317 388 2382 εί
413 2311 475 2402 γάρ
502 2307 521 2384 δ
547 2311 630 2395 δεδς
654 2319 728 2384 τῶν
749 2311 837 2386 κατὰ
861 2311 964 2401 φύσιν
984 2310 1124 2386 κλάδων
1145 2312 1207 2386 οόκ
1228 2318 1396 2403 ἐφείσατο,
1417 2311 1516 2405 πόσῳ

207 2415 357 2498 μᾶλλονι
383 2419 458 2483 τῶν
478 2411 571 2500 παρὰ
594 2411 696 2499 φύσιν
721 2409 781 2484 »οδ
802 2421 985 2499 φείσεται;ι

157 2527 191 2583 20
295 2509 455 2598 »Κόριοςι
485 2503 548 2583 οὖν
576 2519 668 2583 »τῶν
694 2508 890 2600 δυνάμεων(
923 2507 1000 2601 μεθ’
1023 2507 1128 2601 ἡμῶν,
1158 2512 1369 2603 »δοκιμάζων
1396 2522 1515 2602 δίκαια,

209 2617 335 2681 συνίων
363 2609 508 2699 νεφροὺς
533 2616 589 2680 καὶ
614 2617 781 2700 καρδίαςι.
823 2606 842 2681 δ
868 2610 984 2699 κύριος
1010 2609 1179 2699 δοκιμάζει
1204 2619 1265 2702 μὲν
1291 2620 1410 2700 δίκαια,
1434 2611 1517 2686 ἀπο-

123 2726 192 2783 326»
209 2705 379 2797 δοκιμάζει
410 2715 446 2781 δὲ
476 2707 584 2794 ἄδικα,
615 2716 671 2780 καὶ
702 2713 802 2794 ἔστιν,
834 2707 876 2782 ἵν’
903 2703 1016 2792 οὕτως
1042 2705 1218 2801 όνοΙμάσω,
1246 2722 1449 2802 τραπεζίτης
1471 2719 1516 2784 δι-

208 2814 316 2877 καίων
345 2813 401 2877 καί
431 2805 573 2879 ἀδίκων·
603 2799 706 2890 οὗτος
736 2815 771 2881 δὲ
802 2804 822 2881 δ
851 2807 966 2898 κύριος
989 2817 1046 2882 καί
1070 2819 1232 2883 »συνίωνι
1258 2815 1330 2884 έστί
1354 2813 1516 2902 »νεῳροδς

208 2913 264 2975 καὶ
283 2913 449 2995 καρδίαςι.
485 2904 610 2978 ἐνθάδε
630 2912 691 2995 μὲν
712 2900 776 2980 οὖν
796 2914 981 2998 γέγραπται
1003 2903 1058 2980 ότι
1076 2918 1239 2983 »συνίωνι
1263 2914 1333 2984 έστί
1352 2912 1516 2999 »νεφροὺς

157 3025 190 3082 25
208 3012 264 3075 καὶ
293 3011 460 3094 καρδίαςι,
505 3014 598 3096 ζητῶ
626 3012 660 3078 τί
686 3013 834 3097 διαφέρει
861 3008 903 3080 τὸ
929 3014 1090 3080 »συνιέναι
1116 3010 1261 3098 νεφροὺς
1280 3019 1338 3082 καί
1358 3015 1515 3099 καρδίαςυ

208 3112 263 3174 καὶ
293 3101 425 3197 μήποτε
455 3104 541 3177 ἄλλο
571 3111 641 3178 ἐστὶ
673 3107 714 3179 τό
744 3115 905 3180 »συνιέναι
931 3107 1076 3196 νεφροὺς
1100 3115 1156 3180 καὶ
1183 3114 1341 3200 καρδίας,
1364 3108 1450 3182 ἄλλο
1473 3109 1515 3182 τὸ

206 3201 351 3290 >έτάζειν
379 3210 518 3294 καρδίας
546 3212 602 3276 καί
634 3205 799 3296 νεφρούς.
842 3205 883 3280 οὗ
912 3205 1058 3280 πάντων
1083 3206 1193 3296 ἐτάζει
1218 3216 1356 3299 καρδίας
1382 3217 1437 3280 καί
1464 3238 1515 3280 νε-

209 3301 325 3392 φρούς,
354 3301 439 3376 ἀλλὰ
467 3313 541 3376 τῶν
563 3301 827 3394 ἡμαρτηκότων·
857 3311 1014 3397 έῳίστημι
1036 3306 1099 3398 γάρ
1121 3315 1172 3398 τῷ
1195 3315 1429 3400 σημαινομένῳ
1452 3315 1516 3381 τοῦ

208 3399 347 3489 ἐτάζειν,
385 3397 469 3491 ὅπερ
499 3409 630 3493 λέγεται
660 3408 697 3478 έν
728 3412 779 3495 τῷ
810 3413 872 3497 βίῳ
905 3405 1020 3497 τούτῳ
1052 3410 1107 3479 ἐπὶ
1133 3414 1207 3478 τῶν
1233 3414 1514 3498 βασανιζομένων.

155 3523 190 3578 30
207 3505 264 3572 ἐπὶ
290 3521 363 3586 τοῖς
390 3508 617 3594 δικαστηρίοις
639 3509 689 3594 <οί
710 3510 787 3595 μέν>
809 3504 996 3593 έτάζουσιν,
1018 3509 1051 3578 οί
1072 3511 1109 3578 δέ
1130 3504 1319 3594 έτάζονται,
1342 3511 1375 3579 οί
1397 3513 1434 3578 δέ
1453 3513 1515 3578 είσι

207 3609 263 3672 καί
288 3603 325 3672 ἐν
351 3599 474 3686 πόνοις
502 3601 714 3693 βαρυτάταις.
758 3609 791 3676 οί
816 3611 877 3695 μὲν
904 3597 968 3678 οὖν
992 3613 1155 3678 κολασταὶ
1182 3604 1335 3693 ίτάζουσι
1355 3604 1513 3696 πλευράς,

206 3697 362 3786 έτάζουσι
398 3701 551 3791 σώματα·
588 3703 703 3794 κύριος
739 3710 775 3775 δέ
804 3701 910 3793 μόνος
939 3702 1060 3780 καινόν
1091 3709 1156 3794 ἔχει
1187 3703 1318 3794 τρόπον
1349 3709 1513 3797 έτασμαίν,

207 3797 340 3886 έτάζων
361 3798 424 3891 γάρ
447 3805 518 3872 έστι
539 3808 685 3893 καρδίας,
708 3813 764 3876 καί
785 3801 880 3895 μόνῳ
903 3811 954 3895 τῷ
976 3813 1082 3895 κυρίῳ
1105 3802 1265 3894 πρόσεστι
1287 3803 1328 3876 τό
1348 3800 1514 3892 ἐξετάζειν

207 3904 344 3986 καρδίας
374 3907 430 3970 καὶ
459 3900 614 3990 νεφρούς.
664 3910 785 3989 λῃσταί
817 3908 969 3975 ἐνταῦθα
1003 3901 1181 3991 ίτάζονται
1210 3905 1299 3977 κατὰ
1328 3900 1515 3992 πρόσταξιν

225 4036 227 4044 ’
293 4060 329 4114 ιι
349 4061 426 4117 εστι.
437 4064 579 4130 11,20.21.
592 4065 672 4120 -ει
688 4064 753 4134 ναι
763 4064 1002 4127 νάματα-τι
1013 4064 1212 4136 v31.noeyoh.:
1225 4063 1327 4134 μασιν
1338 4061 1513 4138 §flauam

293 4196 363 4251 4-ss
381 4193 602 4270 οί-ίιμαρτίας]
622 4199 761 4255 offenbare
773 4199 905 4255 Dublette
923 4215 976 4254 von
990 4201 1016 4253 Z.
1030 4201 1129 4254 12-14
1142 4199 1199 4254 und
1211 4199 1271 4254 hier
1282 4199 1360 4254 nicht
1371 4199 1487 4270 passond
1507 4200 1511 4269 Ι

205 4279 225 4334 9
251 4276 415 4352 έπισύστητε
437 4281 511 4338 veo
529 4283 585 4353 vgl.
604 4283 631 4339 S.
649 4284 706 4349 192,
723 4283 757 4338 22
788 4285 792 4351 ί
825 4284 863 4340 15
887 4279 997 4340 οίονται
1019 4284 1063 4339 Gh
1076 4285 1115 4338 Co
1142 4277 1245 4338 οίσνθ
1276 4285 1281 4353 Ι
1312 4285 1409 4342 21-8.
1426 4287 1512 4353 194,7

205 4363 305 4419 Hierzu
327 4367 434 4437 Fragm
452 4369 486 4424 85
508 4367 538 4422 in
561 4368 593 4422 G:
616 4361 822 4441 Ὠς-έτασμῷ
843 4369 847 4436 l
872 4368 985 4424 25-27
1014 4366 1262 4440 ζητῶ-νεφρούς]
1285 4368 1411 4444 διαφέρει
1432 4369 1462 4427 δὲ
1479 4368 1512 4426 τδ

205 4448 330 4505 συνιέναι
356 4458 407 4507 τοῦ
430 4447 539 4519 έτάζειν
557 4450 679 4524 νεφροὺς
695 4454 744 4508 καί
760 4454 878 4523 καρδίας
901 4453 933 4518 0;
960 4452 1004 4508 od.
1022 4453 1059 4507 ist
1075 4451 1167 4507 hinter
1185 4450 1308 4508 συνιέναι
1326 4455 1353 4508 Ζ.
1370 4455 1404 4511 25
1422 4473 1455 4510 ιιι
1472 4473 1512 4510 er·

205 4537 323 4604 gssnzen:
351 4543 403 4590 τοῦ
425 4532 535 4604 έτάζειν
556 4553 633 4606 τεερι
653 4534 775 4607 νεφροὺς
796 4539 845 4593 καί
861 4537 990 4609 καρδίας,
1008 4544 1060 4593 τοῦ
1077 4533 1206 4604 έτάζεινί
1229 4538 1234 4605 Ι
1258 4535 1513 4610 τρομεοίατο

206 4615 234 4674 οί
251 4618 303 4687 μὲν
322 4619 370 4675 Οο.

257 4704 375 4758 Origenes
390 4703 433 4750 111.
1265 4709 1297 4762 13
