3768 5544
343 473 400 534 124
785 469 926 540 Origenes'
943 465 1201 524 Jeremiih0mi1ien.

340 625 447 701 αύτού
468 635 506 702 ἐν
532 636 584 720 τῷ
611 627 726 723 κόσμῳ
753 631 880 724 τούτῳ.
923 626 978 704 ὅτι
1003 629 1067 721 γάρ
1093 627 1251 718 ἰσχύουσι,
1267 631 1279 718 Ι]
1294 633 1434 712 βλέπετε
1460 625 1542 710 τοὺς
1567 623 1648 720 μάρ-
1666 645 1715 700 221

340 760 451 820 τυρας.
495 725 514 801 ά
541 731 700 821 δικαστὴς
726 738 906 818 καθέζεται
927 729 1075 818 δικάζων
1096 736 1153 800 καί
1179 735 1323 816 τρυφῶν
1351 731 1389 798 έν
1415 734 1465 816 τῷ
1493 735 1648 815 δικαστη-

339 836 416 919 ρίῳ·
453 825 472 902 δ
500 828 714 919 Χριστιανός,
748 835 785 903 έν
813 823 841 922 ᾦ
869 837 939 903 ἐστι
971 828 1117 920 Χριστὸς
1153 823 1380 914 δικαζόμενος,
1415 837 1549 916 πικρίας
1580 833 1648 901 ένε-

338 928 478 1020 πλὴσθη
498 938 554 1002 καί
575 929 923 1004 καταδεδυνάστευται
943 927 1011 1003 ύπὸ
1034 938 1097 1002 τοῦ
1119 927 1236 1001 ἀδίκου
1256 934 1313 1000 καὶ
1333 925 1600 1015 καταδικάζεται.

253 1049 320 1108 28ον
424 1041 470 1102 18.
496 1025 570 1116 »ἪΙ
589 1029 701 1121 πληγι]
722 1061 788 1122 μου
811 1029 943 1119 στερεά,
966 1029 1078 1103 πόθεν
1100 1027 1315 1118 ἰαθήσσμαι;ι
1355 1031 1387 1100 σί
1407 1027 1647 1116 κατισχύοντές

339 1155 380 1215 με
401 1126 588 1219 πλήσσουσι
605 1159 655 1220 με,
676 1137 732 1201 καὶ
755 1127 776 1220 ἦ
797 1129 910 1223 πληγή
931 1160 997 1222 μου
1017 1136 1088 1202 ἐστὶ
1110 1125 1237 1217 στερεά.
1274 1131 1341 1198 είτε
1362 1127 1569 1217 προφητεύει
1583 1129 1647 1203 τὸν

339 1227 487 1318 σταυρὸν
508 1235 572 1301 τοῦ
592 1236 711 1320 κυρίου
732 1231 862 1320 (στερεά
885 1231 947 1321 γὰρ
962 1228 1075 1320 πληγή
1090 1234 1182 1301 ἐστιν
1197 1223 1217 1300 δ
1232 1224 1386 1316 σταυρὸς,
1409 1220 1492 1298 ὅσον
1504 1233 1558 1299 ἐπὶ
1573 1248 1647 1313 τοῖς

339 1334 542 1417 σταυροῦσιν
567 1326 701 1419 αύτάν),
729 1335 812 1418 (εἴτε
834 1336 926 1420 περὶ]
948 1328 1094 1403 πάντων
1120 1336 1194 1401 τῶν
1219 1333 1361 1398 δικαίων
1383 1333 1515 1416 λέγεται
1537 1331 1575 1401 έν
1595 1329 1647 1412 οίς

339 1427 471 1517 πληγὴν
493 1429 633 1518 στερεὰν
656 1427 830 1517 λαμβάνει,
853 1435 920 1502 εἴτε
942 1436 998 1500 καί
1020 1434 1074 1500 ἐπὶ
1097 1433 1160 1500 τοῦ
1182 1423 1366 1516 προφήτου
1387 1423 1519 1510 ἀκούεις
1541 1434 1647 1500 τοῦτο

287 1551 320 1604 10
338 1530 407 1615 (καὶ
433 1527 495 1616 γάρ
521 1535 578 1600 καὶ
604 1525 708 1612 αύτός
734 1534 891 1602 πέπονθε
917 1527 960 1600 τά
986 1525 1258 1618 ἀναγεγραμμένα
1290 1530 1328 1599 έν
1358 1533 1402 1614 τῇ
1431 1533 1645 1618 προφητείᾳ),

339 1623 435 1714 τ<ὸν>
464 1624 571 1699 αύτὸν
598 1633 783 1718 ἐπιδέχεται
811 1628 894 1716 [τὸν]
927 1636 1010 1700 νούν
1039 1627 1127 1700 κατὰ
1164 1626 1229 1716 τὴν
1266 1632 1430 1714 λέγουσαν
1466 1631 1569 1712 λέξιν·
1608 1623 1647 1716 »ἡ

338 1725 449 1818 πληγή
470 1754 536 1814 μου
562 1725 709 1816 στερεάι.
739 1725 869 1800 »πόθεν
890 1727 1105 1818 ίαθὴσομαι,·ι
1130 1723 1197 1800 κάν
1220 1721 1238 1798 ὁ
1262 1724 1377 1815 σωτὴρ
1401 1731 1492 1814 λέχη·
1518 1723 1647 1798 »πόθεν

337 1824 552 1916 ίαθὴσομαιι,
575 1826 640 1916 τὴν
662 1824 847 1900 ἀνάστασιν
869 1827 933 1918 τὴν
953 1831 990 1899 ἐκ
1012 1835 1145 1919 νεκρῶν
1164 1824 1371 1915 προφητεύει
1394 1824 1479 1912 μετὰ
1494 1823 1558 1915 τὴν
1573 1849 1645 1897 στε-

337 1922 417 2014 ρεάν
443 1925 585 2016 πληγήν,
611 1924 676 2000 κάν
698 1932 754 1998 ἐπί
776 1933 839 1999 τοῦ
866 1934 996 2000 δικαίου
1019 1933 1054 2000 δὲ
1076 1924 1301 2017 λαμβάνηται,
1327 1923 1412 2013 μετά
1435 1925 1495 2007 τάς
1516 1921 1647 2014 πληγάς

286 2047 317 2100 15
337 2031 464 2111 γίνεται
490 2024 595 2100 πάλιν
622 2032 715 2111 ἴασις.
762 2033 937 2118 »γινομένη
956 2025 1100 2119 ἐγενήθη
1127 2054 1184 2116 μοι
1206 2023 1271 2114 <εδς
1292 2021 1386 2114 ύδοορ
1408 2031 1553 2114 ψευδές)
1584 2021 1647 2096 ούκ

337 2126 415 2211 έχον
436 2133 585 2197 πίστινι·
608 2122 649 2198 ου’
668 2126 731 2217 γάρ
752 2132 844 2216 μένει
866 2123 887 2216 ἡ
908 2125 1031 2218 πληγή,
1053 2123 1140 2198 ἀλλὰ
1162 2132 1371 2214 παρέρχεται.

423 2225 502 2296 »Διά
516 2232 622 2298 τοῦτο
638 2224 719 2299 τάδε
734 2235 821 2317 λέγει
836 2227 962 2317 κύριος·
985 2227 1045 2300 ἐὰν
1063 2232 1276 2315 έπιστρέφης,
1298 2231 1354 2296 καὶ
1370 2221 1645 2312 ἀποκαταστήσειν

337 2345 401 2392 σει,
438 2331 546 2395 ταῦτα
567 2324 673 2398 πάλιν
695 2333 828 2416 λέγεται
848 2327 935 2414 πρὸς
958 2329 1111 2410 ίκαστσν,
1134 2319 1176 2396 ὃν
1197 2331 1422 2414 παρακαλέσει
1444 2318 1560 2406 δθεὸς
1574 2327 1646 2394 έπι-

337 2429 481 2511 στρέψαι
502 2424 591 2515 πρὸς
613 2422 726 2497 αύτόν.
769 2426 955 2517 μυστήριον
977 2431 1015 2496 δέ
1034 2453 1090 2515 μοι
1112 2429 1205 2495 δοκεῖ
1224 2428 1376 2496 ἐνταῦθα
1399 2428 1585 2513 δηλοῦσθαι
1607 2427 1646 2494 ἐν

283 2547 317 2603 20
336 2529 386 2612 τῷ
418 2519 709 2614 »ἀποκαταστῆσαι
736 2549 800 2598 σει.
844 2523 952 2608 ούδεὶς
979 2522 1254 2598 ἀποκαθίσταται
1280 2528 1327 2606 εἴς
1354 2552 1430 2594 τινα
1452 2519 1563 2596 τύπον
1583 2549 1644 2610 μη-

335 2627 450 2710 δαμῶς
470 2653 556 2696 ποτε
577 2623 757 2716 γενόμενος
779 2631 854 2710 ἐκεῖ,
876 2621 951 2698 ἀλλ’
968 2621 988 2714 ἦ
1003 2621 1276 2704 ἀπσκατάστασίς
1297 2626 1390 2694 ἐστιν
1409 2627 1456 2705 είς
1470 2621 1515 2693 τὰ
1529 2626 1643 2693 οἰκεία.

335 2723 411 2794 σίσν
427 2725 596 2814 έξαρθρύν
609 2755 675 2816 μου
689 2726 749 2798 ἐὰν
764 2731 901 2817 γένηται
918 2730 1028 2812 μέλος,
1044 2719 1190 2812 δίατρὸς
1198 2728 1356 2810 πειρᾶται
1366 2718 1643 2792 ἀποκατάστασιν

335 2829 474 2912 ποιῆσαι
496 2831 558 2898 τοῦ
579 2823 756 2914 ἐξάρθρου.
798 2819 884 2897 ὅταν
908 2826 974 2910 ἔξω
996 2854 1048 2908 τις
1069 2829 1206 2914 γένηται
1228 2828 1289 2911 τῆς
1310 2825 1484 2909 πατρίδος.
1507 2823 1572 2891 εἴτε
1595 2825 1642 2891 δι-

248 2943 318 3000 281r
335 2929 439 3006 καίως
461 2929 527 2995 εἴτε
549 2921 683 3008 ἀδίκως,
707 2922 929 3013 άπσλαμβάνη
950 2931 986 2996 δὲ
1008 2923 1049 2996 τὸ
1069 2932 1074 3008 Ι
1093 2921 1259 2994 δύνασθαι
1276 2919 1380 2993 πάλιν
1395 2925 1432 2991 έν
1446 2927 1490 3009 τῇ
1504 2927 1643 3008 πατρίδι

283 3046 317 3100 25
336 3022 421 3094 εἶναι
447 3023 536 3095 κατὰ
561 3023 642 3107 τούς
667 3020 805 3112 νόμους,
837 3021 1047 3112 ἀπεκατέστη
1074 3026 1129 3094 ἐπὶ
1156 3021 1220 3111 τὴν
1245 3027 1394 3110 πατρίδα
1420 3018 1485 3108 τὴν
1511 3020 1641 3090 ἑαυτοῦ.

335 3120 376 3192 τὸ
407 3119 491 3194 αύτὸ
525 3119 595 3194 νόει
625 3153 682 3212 μοι
711 3131 767 3195 καὶ
799 3128 854 3194 ἐπὶ
880 3124 1096 3212 στρατιώτου
1123 3127 1349 3210 ἐκβληθέντος
1376 3115 1443 3191 ἀπὸ
1471 3124 1532 3208 τῆς
1556 3121 1642 3202 ἰδίας

336 3219 557 3311 παρατάξεως
573 3229 658 3312 (καὶ)
676 3220 1004 3310 ἀποκαθισταμένου.
1036 3226 1123 3311 λέγει
1146 3213 1208 3293 σύν
1222 3217 1345 3292 ἐνθάδε
1359 3216 1446 3308 πρὸς
1461 3213 1546 3307 ἡμᾶς
1562 3216 1641 3300 τούς

1864 803 1869 892 t

415 3461 430 3514 1
452 3457 586 3529 ἰσχύουσι]
597 3463 692 3529 justus
709 3461 824 3515 δούλιον
840 3461 878 3514 sit
896 3477 915 3515 α
927 3460 1151 3530 persequentibus
1167 3476 1195 3514 si
1212 3458 1238 3513 Η
1253 3460 1258 3527 Ι
1273 3459 1292 3515 θ
1310 3455 1434 3530 Χριστὸς
1449 3456 1642 3524 δικαζόμενος,

333 3545 391 3596 κτλ.
411 3542 450 3598 SC
468 3543 524 3612 vgl.
543 3544 751 3612 s.112‚24.26;
773 3545 900 3600 Christus
922 3545 1038 3613 ίιιιίιιλαί,
1055 3544 1201 3614 judicatur
1217 3549 1268 3600 σία
1280 3544 1307 3598 Η
1330 3544 1335 3611 Ι
1358 3541 1378 3597 4
1397 3539 1642 3597 καθ-καταδικά-

334 3627 420 3696 ζεται]
440 3631 464 3680 et
482 3627 518 3680 αδ
533 3633 734 3699 monemusque
751 3631 893 3700 subjectus,
911 3631 1072 3699 οοκβοτιαίίε
1088 3630 1218 3684 inimicis
1229 3628 1291 3682 εκίε
1302 3628 1446 3682 adversum
1457 3642 1486 3680 ει
1498 3626 1525 3680 Η
1539 3627 1543 3694 1
1559 3627 1576 3682 5
1592 3624 1642 3680 πό·

334 3715 386 3766 θεν
408 3708 574 3781 ἰαθὴσομαι]
589 3727 618 3771 <
638 3714 664 3768 Η
684 3717 687 3783 l
706 3715 724 3770 t
741 3717 799 3786 pm]
817 3717 849 3770 iri
867 3733 910 3770 me
927 3716 953 3770 H
968 3716 972 3783 Ι
990 3716 1004 3771 λ
1024 3722 1076 3770 τοῦ
1095 3717 1130 3770 κύ
1148 3714 1226 3768 Βίεεε
1243 3712 1361 3766 Domini
1380 3712 1406 3766 Η
1424 3705 1526 3766 ἑαυτοῦ
1544 3711 1561 3764 S
1577 3714 1582 3781 ]
1600 3710 1643 3772 λίθ

334 3791 577 3867 στερεὰ-αὐτόν]
595 3808 629 3858 <
640 3799 666 3852 Η
686 3800 689 3868 1
708 3801 726 3856 8
742 3796 799 3857 εἴτε
821 3802 886 3874 περὶ
907 3801 945 3855 Co
965 3799 1022 3853 είυε
1039 3799 1070 3853 δι
1090 3800 1117 3854 Η
1132 3799 1196 3867 1819
1214 3794 1522 3869 πάντων-λαμβάνει]
1533 3795 1639 3864 jisrisj

332 3878 350 3934 θ
376 3876 491 3946 ἀκούεις
513 3881 668 3938 Κοείεαίιαα
685 3887 803 3940 volueris
821 3885 941 3954 accipere
954 3884 980 3937 H
998 3877 1153 3941 ἄκουσονθ
1177 3887 1181 3950 Ι
1206 3883 1243 3939 lt)
1258 3881 1531 3954 καθ-προφητείᾳ]
1544 3889 1577 3940 <
1588 3881 1615 3934 Η
1636 3881 1640 3944 Ι

335 3964 372 4019 11
392 3962 564 4036 τὸν-νοῦν]
583 3985 613 4024 ευ
631 3970 787 4026 Κοείιεσίιαα
807 3972 812 4038 Ι
832 3971 871 4028 12
889 3964 944 4024 κᾶν
1049 3967 1126 4039 λέγῃ]
1144 3967 1201 4038 vgl.
1220 3968 1247 4022 Z.
1261 3971 1306 4029 14;
1323 3967 1372 4022 καί
1474 3963 1549 4035 λέγει
1570 3965 1588 4018 S
1605 3963 1641 4017 Er

330 4089 337 4102 .
355 4091 361 4105 .
376 4054 462 4117 potest
480 4051 568 4106 διἐετο
588 4051 613 4104 Η
635 4055 638 4120 Ι
660 4055 698 4110 18
717 4052 897 4127 προφητεύει]
916 4055 1089 4108 annuntians
1107 4052 1133 4106 H
1156 4055 1161 4121 Ι
1185 4053 1221 4107 15
1239 4047 1361 4122 ἐγενηθη
1378 4050 1452 4105 LXX
1468 4050 1542 4117 sarta
1560 4053 1598 4102 εεί
1616 4047 1641 4102 Η

331 4129 470 4204 ἐγεννήθη
493 4135 510 4189 S
534 4137 538 4204 Ι
562 4137 621 4207 μοι]
639 4145 673 4201 -]·
691 4139 867 4208 (subauditur
879 4139 974 4208 μίαμα)
992 4137 1018 4192 H
1035 4137 1176 4193 vielloichi
1193 4136 1295 4205 richiig
1309 4137 1314 4203 Ι
1329 4129 1369 4200 ὼς
1386 4129 1460 4207 ὕδωρ
1478 4131 1579 4203 ψειδὲς
1595 4132 1640 4187 Hu

330 4218 402 4271 ειάαι
419 4235 495 4288 aqua
510 4221 628 4274 mendam
639 4223 685 4290 Η]
701 4224 739 4278 16
756 4224 857 4295 πληγή]
876 4232 909 4288 -]-
927 4241 987 4277 mea
1009 4223 1034 4276 Η
1057 4224 1063 4290 ]
1088 4224 1125 4279 17
1147 4220 1206 4290 καί]
1224 4229 1257 4280 <
1268 4220 1294 4274 Η
1318 4221 1322 4289 Ι
1345 4219 1431 4286 tom
1455 4215 1639 4286 είς-οἰκεῖα]

330 4303 391 4356 nisi
412 4303 445 4356 in
461 4321 524 4358 ααιιι
544 4305 635 4358 torum
652 4307 723 4360 ιιιιιίε
740 4313 803 4363 ante
819 4309 978 4363 discesserat
1001 4307 1028 4362 H
1054 4308 1058 4374 Ι
1085 4307 1198 4362 28-25
1218 4300 1432 4374 εἴτε-ἑαυτοῦ]
1455 4302 1488 4356 in
1510 4303 1640 4356 exsilium

332 4387 460 4454 mittitur,
477 4393 502 4443 et
515 4395 610 4458 postea
623 4407 675 4460 per
685 4392 888 4461 indulyentr'am
906 4409 1000 4446 eorum
1016 4392 1068 4460 φατ’
1080 4398 1196 4460 possunt
1213 4391 1318 4444 εαετιίτε
1335 4389 1444 4452 solvere,
1465 4387 1589 4442 redditur
1606 4385 1639 4440 ti·

330 4471 436 4539 beriati,
455 4477 484 4527 et
500 4474 570 4528 redit
587 4475 659 4529 irride
676 4477 765 4544 suerat
783 4477 911 4544 ικμαίειιε
929 4476 975 4545 Η]
991 4477 1028 4531 θλ
1052 4477 1101 4532 καὶ
1117 4475 1279 4530 Ιιὶείτιιιαοιι
1294 4478 1298 4541 Ι
1314 4469 1593 4540 ἀποκαθισταμένου]
1607 4478 1639 4535 ÷

329 4555 431 4620 ordini,
450 4557 479 4610 si
496 4560 629 4627 acceperit
649 4561 755 4614 reniam
769 4562 803 4624 H.
822 4560 880 4615 also
898 4560 972 4615 wohl
990 4557 1031 4625 είς
1047 4560 1098 4628 την
1116 4558 1283 4632 παράταξιν,
1301 4554 1352 4614 ἐὰν
1370 4553 1538 4630 συγγνώμης
1551 4553 1637 4626 τύχη]

330 4638 412 4709 ἡμᾶς]
431 4642 545 4696 mortale
559 4659 657 4712 μεκαε,
680 4646 711 4698 id
727 4649 765 4699 est
783 4646 819 4698 αιί
835 4661 885 4698 nos
903 4645 1026 4699 homines
1038 4645 1071 4700 Η
