3694 5542
709 441 847 514 On'genoe'
865 441 1222 514 Klngelioderkommentar.

687 627 744 693 Nr.
765 625 843 694 XLI.
885 626 1009 712 KlngeI
1024 627 1138 693 Ierem.
1155 634 1182 708 1,
1197 633 1244 696 20.

392 753 448 827 Ἐν
473 764 535 846 μὲν
561 748 624 830 οῦν
651 763 693 847 τῇ
715 765 908 848 προφητείᾳ
930 753 1026 847 άλγεῖ
1045 755 1111 846 τὴν
1132 755 1244 846 ψυχὴν
1265 754 1315 840 ῶς
1334 755 1536 850 πεισόμενος
1556 766 1620 832 δει-

312 857 456 932 νότατα·
486 860 524 928 ἐν
554 863 589 928 δὲ
620 864 671 947 τῶ
693 853 842 946 παρόντι
866 854 1000 948 Θρὴνῳ,
1028 853 1076 938 ῶς
1102 851 1165 946 ἤδη
1187 855 1326 930 τούτων
1348 855 1619 950 συμβεβηκότων,

312 958 456 1049 άχθεταί
491 985 530 1028 τε
559 965 616 1030 καί
646 953 688 1030 δι’
715 953 880 1046 άμαρτίας
911 953 1071 1046 ὁμολογεῖ
1099 953 1163 1046 τὴν
1195 952 1412 1048 χρηστότητα
1442 965 1506 1032 τοῦ
1535 965 1622 1032 θεοῦ

276 1081 291 1132 5
311 1055 567 1147 πικροτάτην
590 1055 715 1147 ἑαυτὴν
735 1062 953 1146 καταστῆσαι,
976 1053 1025 1138 ῶς
1046 1063 1103 1128 καί
1125 1051 1412 1147 άτεκνωθῆναι
1434 1057 1500 1149 τὴν
1517 1059 1621 1132 πολό-

312 1185 452 1243 τεκνον,
474 1164 530 1230 καὶ
553 1154 594 1228 τὸ
616 1153 827 1240 δεινότατον,
850 1163 995 1248 πολεμίᾳ
1016 1161 1107 1244 χειρί.
1147 1165 1432 1242 προσωποποιίας
1453 1165 1488 1230 δέ
1511 1151 1622 1249 οῦσης,

313 1255 354 1330 οῦ
376 1265 427 1330 δεῖ
448 1267 563 1345 ζητεῖν
584 1253 719 1339 πόλεως
739 1264 900 1328 κοιλίαν
922 1261 1089 1326 τεκοῦσαν
1109 1261 1166 1326 καί
1187 1261 1358 1346 καρδίαν
1379 1266 1572 1348 λελυμένην.

681 1442 737 1509 Nr.
758 1441 852 1508 XLII.
896 1443 1020 1528 KlageL
1034 1443 1149 1510 Jerem.
1167 1450 1192 1522 1,
1206 1448 1255 1511 21.

395 1580 528 1662 Μερίςει
551 1570 614 1644 τὸν
637 1569 743 1661 λόγον
756 1567 966 1694 Ἰερουσαλὴμ
987 1569 1074 1661 πρὸς
1095 1570 1178 1653 τοῦς
1196 1571 1348 1660 ἐχθρούς,
1372 1568 1432 1657 οῦς
1454 1572 1622 1648 άκοῦσαι

259 1691 293 1746 10
309 1670 482 1756 βούλεται,
509 1679 565 1742 καί
591 1670 679 1760 πρὸς
705 1669 770 1744 τόν
792 1666 885 1742 θεόν.
929 1667 1016 1743 άλλὰ
1039 1678 1073 1740 τί
1068 1679 1283 1794 παρακαλεῖ
1301 1671 1388 1764 πρὸς
1410 1668 1519 1765 άκοην
1540 1677 1622 1759 τούς

310 1769 468 1862 ἐχθροῦς;
504 1779 538 1843 τί
567 1777 604 1842 δέ
633 1795 728 1894 φησι
744 1777 795 1858 τῶ
826 1777 899 1860 θεῷ
931 1778 1008 1864 περὶ
1035 1765 1151 1842 αῦτῶν
1178 1767 1226 1852 ῶς
1247 1768 1462 1862 ἐχάρησαν;
1489 1804 1622 1898 μηποτε

310 1879 432 1944 τοίνυν
471 1876 555 1960 (ἐπεὶ
589 1878 653 1962 »τῷ
685 1867 790 1960 αῦτῆς
820 1877 874 1942 καί
904 1865 1031 1962 Ἰσραὴλ
1062 1867 1317 1992 παραπτώματι
1347 1870 1534 1961 γέγονεν“
1513 1903 1534 1964 η
1556 1899 1622 1947 σοο-

311 1979 409 2061 τηρία
436 1990 509 2052 τοῖς
536 1974 671 2042 ἔθνεσιν
693 1976 739 2052 είς
761 1968 802 2042 τὸ
824 1975 1065 2092 παραζηλῶσαι
1086 1965 1231 2055 αὐτούς,
1253 1965 1363 2041 καί>“’
1330 2000 1430 2043 »οταν
1452 2002 1493 2044 το
1480 1971 1521 2064 ΙΙ
1535 1973 1622 2096 πλη·
1644 1996 1699 2052 335

311 2099 409 2162 ρσομα
436 2077 509 2141 τῶν
536 2072 654 2142 ἐθνῶν
675 2075 825 2158 εἰσέλθῃ,
853 2066 934 2142 τότε
955 2075 1022 2154 πᾶς
1043 2065 1171 2159 Ἰσραὴλ
1193 2067 1410 2160 σῶθὴσετακ)
1432 2070 1519 2163 πρὸς
1540 2077 1621 2158 τοῦς

260 2189 292 2240 15
311 2167 379 2242 άπὸ
407 2176 480 2241 τῶν
502 2173 620 2242 ἐθνῶν
643 2170 686 2242 τά
707 2177 830 2260 πρῶτα
853 2176 940 2256 λέγέί
962 2175 1194 2260 προφητικῶς,
1218 2169 1305 2258 πρὸς
1327 2169 1499 2244 τὸνθεόν
1521 2178 1556 2244 δὲ
1578 2173 1622 2244 τά

311 2269 458 2359 δεύτερα.
501 2274 773 2358 ἐγκατελείφθην
802 2278 929 2340 παθεῖν
960 2274 1015 2340 ἵνα
1040 2267 1157 2357 χῶραν
1182 2266 1315 2359 λάβητε,
1343 2278 1399 2344 καὶ
1425 2279 1548 2361 γέγονα
1577 2269 1619 2344 δι’

310 2367 394 2460 ῦμᾶς
423 2369 530 2460 ἐχθρά
559 2374 624 2442 τοῦ
651 2375 746 2454 θεοῦ,
775 2377 897 2458 καίπερ
919 2368 1007 2440 κατὰ
1029 2367 1094 2456 τὴν
1116 2367 1262 2457 ἐκλογὴν
1284 2365 1441 2460 άγαπητὴ
1464 2369 1519 2443 διά
1540 2372 1622 2454 τούς

310 2477 460 2559 πατέρας
489 2466 694 2559 ῦπάρχουσα.
737 2469 789 2541 διὸ
819 2468 882 2541 τὸν
904 2467 986 2558 ἐμὸν
1016 2464 1266 2552 άκοῦσαντες
1297 2468 1535 2558 στεναγμόν,
1565 2478 1622 2541 καὶ

311 2569 376 2659 τὴν
404 2575 518 2641 αἰτίαν
539 2567 668 2643 τοῦτου
688 2567 849 2660 νοήσατε·
878 2576 999 2643 τέλεον
1026 2568 1089 2658 γὰρ
1111 2563 1164 2654 ἐφ’
1186 2564 1330 2662 ῦμετέρᾳ
1353 2577 1505 2662 σωτηρίᾳ
1526 2573 1622 2659 ἐγκα-

260 2685 294 2738 20
311 2676 543 2760 ταλέλειμμαι,
573 2696 617 2791 μη
650 2671 770 2757 εχουσα
800 2667 864 2742 τὸν
893 2665 945 2741 άεί
975 2698 1014 2758 με·
1044 2665 1355 2757 παραμυθούμενον
1385 2668 1470 2758 μετὰ
1500 2687 1622 2759 πεῖραν

310 2775 436 2842 κακῶν.
479 2775 541 2840 νῦν
568 2768 668 2889 γάρ»
656 2767 869 2854 »ἐξέλιπεν”
835 2798 965 2892 αρχων
992 2771 1027 2854 ἐξ
1050 2763 1169 2850 Ἰούδα,
1196 2763 1298 2836 xaI‘
1277 2765 1463 2889 ηγοῦμενος
1489 2773 1526 2840 ἐκ
1548 2775 1623 2839 τῶν

309 2876 430 2959 μηρῶν
460 2865 590 2941 αὐτοῦ
620 2859 708 2957 ἦλθε
730 2868 836 2960 γάρ
821 2859 850 2940 ῶ
877 2861 921 2958 ἦν
946 2866 1002 2939 »τά
1030 2863 1293 2956 άποκείμεναφ
1267 2862 1526 2988 :rfaooodoxla
1548 2875 1622 2943 τῶν

243 2977 246 2984 “
311 2973 448 3053 ἐθνῶν,
473 2959 582 3090 οὗπερ
601 2940 840 3057 ἐκδικουμένοό
862 2996 925 3040 του
910 2972 1102 3056 ἀίματος,
1127 2961 1278 3050 οὐδεὶς(
1258 2995 1277 3037 ο
1300 2977 1548 3058 παρακαλῶν
1570 2971 1621 3040 ἔτι

310 3066 374 3158 τὴν
394 3063 615 3158 Ἰερουσαλήμ.

258 3217 291 3271 25
671 3205 728 3271 Nr
749 3203 859 3270 XLIII.
903 3203 1026 3288 Klagel.
1042 3203 1158 3270 Ierem.
1176 3213 1202 3284 1,
1217 3209 1266 3272 22.

396 3340 567 3406 Τουτέστι·
596 3332 641 3422 μὴ
672 3337 727 3404 ἐπὶ
754 3337 862 3405 πλέον
886 3329 1001 3422 άφεθῇ
1020 3339 1168 3424 χρῆσθαι
1198 3329 1334 3404 αὐτῶν
1363 3327 1541 3422 ἡκακία,
1569 3341 1620 3422 γε’-

310 3461 407 3504 νοιτο
440 3438 478 3504 δέ
506 3457 569 3505 σου
598 3436 635 3504 ἐν
666 3437 849 3520 ἐπισκοπῇ,
884 3429 932 3515 ῶς
963 3437 1070 3516 εἴτις
1097 3425 1231 3517 εὔξαιτο
1256 3430 1434 3520 τραύματα
1462 3439 1509 3516 είς
1536 3425 1621 3521 όφιν

309 3535 425 3602 ἐλθεῖν
447 3536 568 3618 ίατροῦ
589 3531 675 3622 πρὸς
698 3531 739 3603 τό
762 3552 875 3620 τυχεῖν
897 3540 1029 3615 τελείας
1050 3530 1180 3614 ἰάσεως.
1222 3537 1330 3602 τοῦτο
1352 3530 1416 3620 γάρ
1439 3530 1479 3603 τό
1502 3537 1619 3603 πᾶσα·

308 3627 474 3719 μακάριον
503 3631 566 3720 γάρ
592 3628 736 3719 μάλιστα
762 3637 824 3721 μὲν
854 3630 896 3703 τό
922 3631 967 3722 μὴ
995 3626 1171 3723 άμαρτεῖν,·
1189 3628 1350 3718 δεύτερον
1377 3635 1412 3701 δέ
1440 3629 1480 3702 τό
1507 3635 1620 3702 πᾶσαν

258 3747 292 3802 30
309 3725 407 3818 ἡμῶν
429 3734 687 3803 ἐπισκοπεῖσθαι
709 3730 801 3820 παρὰ
825 3737 909 3804 θεοῦ
930 3731 996 3821 τὴν
1018 3740 1147 3802 κακίαν.

377 3884 395 3939 2
413 3885 476 3955 Vgl.
489 3885 589 3940 Ierem.
602 3889 642 3949 15,
656 3886 689 3941 10
700 3885 758 3940 und
768 3886 798 3939 iu
810 3886 863 3942 Jer.
877 3887 957 3942 Hom.
972 3889 1011 3953 15,
1021 3890 1038 3940 4
1050 3885 1086 3954 (S.
1102 3885 1160 3952 128,
1172 3885 1225 3954 20).
1243 3915 1274 3924 —
1296 3883 1334 3940 12
1352 3883 1416 3953 Vgl.
1435 3883 1511 3938 Rom
1525 3887 1621 3950 11,11.

309 4000 342 4009 -
361 3969 400 4026 1³
424 3969 488 4040 Vgl.
506 3970 585 4025 Rom.
597 3973 638 4034 11,
651 3972 693 4027 25.
711 3999 744 4010 -
763 3970 833 4027 211.
856 3970 920 4041 vgl.
940 3971 1007 4026 Gen.
1024 3973 1066 4037 49,
1086 3971 1126 4025 10.
1145 3999 1178 4009 -
1197 3969 1275 4026 2911.
1298 3967 1363 4039 Vgl.
1384 3966 1465 4021 Philo
1487 3966 1521 4024 δε
1541 3985 1621 4039 poen.

309 4055 456 4120 11’,105Μι
484 4053 517 4111 τδ
544 4062 696 4125 μετανοεῖν
724 4053 776 4112 οὐκ
801 4052 832 4112 ἐν
854 4061 889 4126 τῇ
911 4053 1011 4129 πρώτη
1036 4055 1085 4110 καί
1108 4049 1244 4110 ἀνωτάτω
1267 4049 1442 4122 τεταγμένον
1464 4050 1542 4120 τάξει
1564 4059 1621 4109 τῶν

309 4135 438 4208 ἀγαθῶν,
457 4132 518 4195 ἀλλ’
529 4135 560 4196 ἐν
577 4145 613 4210 τῇ
631 4139 702 4208 μετά
720 4138 824 4210 ταύτην
843 4141 1005 4214 φερόμενον
1022 4141 1172 4210 δευτερεῖα.
1206 4135 1241 4192 τδ
1258 4135 1312 4205 μὲν
1329 4135 1385 4206 γάρ
1397 4134 1484 4204 μηδὲν
1497 4135 1622 4202 συνόλως

309 4217 447 4294 ἁμαρτεῖν
466 4219 537 4280 άίιον
555 4227 634 4290 θεοῦ,
653 4223 726 4294 τάχα
744 4223 839 4280 δὲκαὶ
856 4227 938 4281 θείου
957 4221 1067 4296 άνδρδς,
1086 4222 1119 4279 τδ
1137 4215 1161 4276 δ
1175 4217 1342 4294 ἁμαρτόντα
1359 4224 1531 4292 μεταβαλεῖν
1548 4220 1623 4292 πρὸς

308 4304 476 4364 άνυπαίτιον
494 4309 576 4378 ζωήν,
596 4309 739 4380 φρονίμου
756 4311 813 4362 κτλ.

392 4443 410 4498 2
430 4442 602 4514 πεισομένην
615 4459 630 4496 ο
642 4445 677 4510 (ει
688 4443 718 4496 in
729 4442 801 4508 Ra)
817 4442 821 4509 Ι
836 4443 853 4498 5
866 4437 952 4509 ἑαυτῆ
965 4461 981 4498 0
997 4445 1002 4512 Ι
1018 4443 1057 4499 10
1070 4439 1169 4511 άκοην]
1182 4439 1297 4497 άκοῦειν
1310 4457 1327 4496 ο
1339 4443 1342 4508 !
1356 4441 1394 4496 12
1407 4436 1478 4508 ἐπεί]
1492 4435 1539 4496 ἐπί
1550 4439 1603 4496 clo
1618 4468 1621 4497 ι

309 4527 348 4583 18
367 4522 535 4598 ὑπάρχουσα
553 4529 599 4582 le*
621 4524 799 4598 τυγχάνουσα
818 4531 845 4581 0¹
867 4525 1047 4597 τυγχάνουσα
1067 4525 1246 4597 τυγχάνουσα
1266 4543 1282 4581 ο
1306 4527 1310 4592 1
1335 4525 1372 4580 21
1393 4519 1519 4589 ἐξέλιπεν
1536 4523 1548 4576 l
1566 4520 1622 4591 ἐξέ-

307 4616 403 4668 λειπεν
416 4629 452 4669 οο
467 4614 472 4681 Ι
488 4612 528 4668 28
541 4605 590 4682 ἐτι]
603 4608 649 4669 ἐπι
662 4629 678 4666 ο
693 4613 698 4680 Ι
716 4611 754 4668 25
765 4609 894 4682 γένοιντο
908 4630 924 4668 ο
936 4613 939 4680 Ι
952 4611 992 4667 29
1005 4609 1149 4682 μακάριον
1160 4609 1214 4679 μεν
1227 4608 1282 4681 γάρ
1294 4607 1416 4678 μάλιστα
1430 4625 1453 4662 c.
