3694 5542
352 426 412 488 238
749 417 889 488 Origenoe’
908 418 1264 488 Klngeliederknnmentnr.

352 577 428 652 ούδὲ
456 576 476 671 ή
503 579 629 669 ταύτης
654 588 778 669 μείζων
803 581 901 670 κοόμη
928 579 971 652 όν
996 591 1308 672 προσαγορευθεῖσα
1334 575 1413 650 οὐδὲ
1439 575 1539 662 πόλις
1561 573 1582 667 ἦ
1604 605 1659 647 τυ-

348 685 455 766 χοῦσα
486 676 572 753 ἀλλὰ
603 688 725 751 πασῶν
755 677 892 754 πόλεων
922 685 1131 768 διαφέρουσα
1159 687 1215 751 καί
1242 680 1335 768 παρὰ
1360 685 1436 768 θεῷ
1458 683 1659 768 τετιμημένη

349 773 560 869 Ἰερουσαλήμ
586 789 780 870 χρηματίζει
802 777 822 870 ή
843 789 956 852 τελεία
977 777 1080 868 ηιυχή,
1108 787 1273 870 μεγέθους
1295 773 1476 867 ἀξιολόγου
1496 774 1596 849 πόλει
1616 785 1659 866 τῇ

349 885 486 968 μεγίστῃ
526 885 812 969 περιβαλλομένου
849 877 934 970 αὐτῇ
969 877 1036 952 ύπό
1069 887 1130 969 τῆς
1159 888 1281 967 σοφίας
1312 888 1368 952 καλ
1397 875 1507 967 πάσης
1537 871 1659 965 ἀρετῆς

315 985 638 1069 δήπεριγινομένου
658 977 899 1052 πολλαπλάσια
922 977 1183 1070 οἰκοδομήματα.

434 1084 498 1148 Καὶ
519 1075 591 1166 μετ’
615 1075 725 1169 όλίγα·

424 1171 549 1266 Ὥσπερ
565 1185 600 1250 δὲ
616 1183 745 1250 ἔνεστιν
760 1185 843 1251 ἰδεῖν
856 1176 1064 1270 Ἰερουσαλήμ
1081 1176 1343 1269 εύθηνουμένην,
1367 1175 1657 1267 πληθύνουσαν

349 1283 433 1366 λαῷ
455 1285 512 1348 καὶ
533 1280 696 1350 ἔθνεσιν
716 1286 771 1350 καὶ
795 1277 997 1368 ἄρχουσαν
1019 1285 1060 1350 ἐν
1080 1279 1243 1368 χώραις,
1267 1276 1389 1364 ούτως,
1405 1283 1435 1349 εί
1448 1273 1657 1366 μεταπτωτή

349 1381 441 1448 ἐστιν
464 1371 484 1467 ή
506 1373 623 1468 ἀρετή,
646 1386 898 1470 μονουμίνην
919 1387 1006 1452 ποτὲ
1028 1377 1136 1471 αύτήν
1157 1387 1212 1451 καὶ
1234 1377 1481 1468 χηρεύουσαν
1502 1384 1557 1447 καὶ
1583 1382 1655 1447 δου-

298 1485 330 1540 10
349 1476 527 1562 λεύουσαν,
560 1475 649 1550 ὥστε
677 1487 733 1549 καὶ
765 1477 914 1568 φόρους
944 1487 994 1570 τῷ
1027 1477 1237 1569 κρατήσαντι
1266 1475 1508 1568 αύτήςέχθρῷ
1537 1486 1655 1551 τελεῖν,

347 1577 435 1648 κατὰ
458 1577 522 1666 τήν
545 1576 655 1666 ψυχήν
678 1584 741 1650 τοῦ
763 1576 1027 1663 ἐκπεπτωκότας
1050 1586 1110 1669 τῆς
1133 1576 1302 1668 ἀληθείας.

748 1799 804 1865 Nr.
827 1801 878 1864 IX.
922 1801 1045 1886 Klngel.
1060 1802 1175 1867 Jerem.
1194 1810 1218 1880 1,
1238 1809 1262 1867 1.

435 1951 470 2014 Τί
493 1949 527 2014 δὲ
549 1949 601 2016 δεῖ
621 1951 731 2034 λέγειν
751 1953 806 2016 καὶ
829 1951 903 2035 περὶ
926 1952 988 2016 τοῦ
1004 1942 1058 2018 ότι
1081 1947 1228 2034 ἄρξασα
1250 1951 1394 2036 χωρῶν
1416 1949 1471 2014 ἐπὶ
1487 1949 1655 2015 τοσοῦτον

348 2049 529 2114 δουλοῦται
551 2043 643 2132 παρὰ
666 2065 738 2128 τοῖς
760 2050 908 2134 ἐχθροῖς,
933 2043 1020 2117 δι’στε
1043 2054 1099 2117 καὶ
1122 2044 1254 2136 ηόρον
1277 2042 1326 2118 άεί
1347 2040 1457 2134 αύτήν
1479 2047 1653 2115 ἐπιτελεῖν.

297 2159 328 2210 15
348 2149 513 2214 τελοῦσαν
534 2163 607 2226 τοῖς
629 2163 745 2228 κακοῖς
767 2143 961 2228 δεσπόταις,
990 2143 1010 2216 ά
1038 2144 1080 2218 ἐν
1103 2151 1224 2217 ἐκεῖνοι
1246 2142 1524 2234 προστάττωσιν;
1555 2166 1654 2228 προσ-

348 2239 508 2314 τάττουσι
535 2248 571 2314 di
597 2243 745 2333 χρηστὸν
771 2240 878 2317 ούδέν.
921 2253 976 2316 καί
1005 2243 1089 2332 τάχα
1117 2240 1195 2317 καθ’
1220 2247 1364 2316 ἕκαστον
1391 2235 1441 2314 οῦν
1467 2249 1581 2312 πταίει
1603 2245 1654 2312 ἐν·

346 2338 440 2424 θάδε,
464 2339 596 2433 φόρον
617 2342 694 2414 τινὰ
718 2356 809 2415 τελεῖ
829 2353 879 2434 τῷ
904 2341 1219 2433 Ναβουχοδονόσορ,
1244 2339 1282 2428 ὃς
1304 2341 1522 2434 ἑρμηνεύεται
1543 2337 1654 2431 Ἐγκα-

346 2439 466 2530 θισμός
496 2450 552 2514 καὶ
583 2448 771 2534 ἐπίγνωήσις
801 2451 960 2535 συνοχῆς·
989 2441 1030 2516 ού
1059 2443 1155 2534 μόνῳ
1193 2451 1229 2516 δέ
1261 2451 1311 2534 τῷ
1340 2438 1652 2531 Ναβουχοδονόσορ,
1671 2459 1728 2513 323

345 2536 432 2612 άλλὰ
455 2550 511 2613 καὶ
534 2561 606 2627 τοῖς
627 2543 814 2632 σατράπαις
836 2542 950 2616 αύτοῦ.

295 2754 328 2807 20
749 2747 803 2814 Nr.
826 2749 863 2815 X.
908 2749 1028 2834 Klagel.
1047 2750 1161 2814 Jerem.
1184 2759 1208 2830 i,
1223 2757 1251 2816 2.

428 2885 499 2962 Ἐπλ
520 2899 581 2979 μὲν
604 2899 667 2964 τοῦ
688 2893 831 2981 πρώτου
848 2893 991 2984 θρήνου,
1015 2901 1078 2966 τοῦ
1101 2890 1168 2967 άπὸ
1190 2901 1253 2966 τοῦ
1268 2889 1354 2982 ”Ain
1371 2889 1568 2982 ἀρξαμένου,
1588 2889 1653 2980 τήν

347 2996 437 3075 λέξιν
463 2997 570 3062 σῶσαι
596 2989 814 3082 δεδυνήμεθα.
858 2998 912 3065 ἐπὶ
939 2999 974 3065 δὲ
1003 2994 1129 3068 τούτου
1155 3003 1189 3065 τί
1212 2994 1255 3065 όν
1276 3025 1327 3076 τις
1350 2998 1448 3077 εἴποι,
1472 2997 1653 3080 λεγομένης

346 3085 479 3171 πόλεως
505 3099 770 3163 κεκλαυκέναι
796 3095 837 3163 ἐν
861 3102 989 3178 νυκτί,
1021 3093 1109 3167 τόοτε
1132 3095 1180 3166 τὰ
1202 3091 1354 3185 δάκρυα
1376 3095 1462 3164 εἶναι
1484 3096 1548 3162 ἐπὶ
1570 3097 1653 3162 τῶν

347 3188 548 3276 σιαγόνων
575 3187 715 3280 αύτής;
746 3199 774 3264 εί
795 3191 839 3283 μή
862 3191 927 3282 ἄρα
950 3194 1030 3278 τούς
1052 3192 1269 3276 ἐνοικοῦντός
1291 3225 1342 3276 τις
1364 3197 1434 3283 ἐρεῖ
1452 3189 1556 3263 πόλιν
1578 3185 1653 3262 όνο-

295 3307 327 3360 ‘25
346 3295 566 3376 μαζομὲνους,
595 3290 675 3372 τοῦς
696 3301 752 3363 καὶ
775 3288 886 3380 φόρον
909 3300 1108 3377 τελοῦντας,
1131 3301 1350 3366 κεκλαυκέναι
1371 3291 1654 3382 ῦπομνησθέντας

346 3393 380 3474 ἐξ
417 3391 489 3472 οἵας
523 3388 655 3480 εἰρήνης
683 3399 735 3462 καί
768 3395 959 3481 ἐλευθερίας
989 3397 1035 3476 εἰς
1065 3387 1149 3482 ὅσην
1178 3399 1333 3464 δουλείαν
1361 3399 1416 3463 καὶ
1446 3397 1654 3463 ταπείνωσιν

345 3486 559 3576 ἐληλύθασιν.
602 3498 677 3572 πῶς
706 3483 770 3561 οῦν
796 3489 1025 3581 διηγησόμεθα
1046 3501 1102 3564 καί
1125 3491 1165 3564 τὸ
1194 3499 1234 3563 ἐν
1261 3501 1375 3564 νυκτί
1383 3549 1388 3563 .
1416 3487 1437 3580 ή
1464 3485 1518 3562 ότι
1541 3496 1651 3581 ἐντῷ

344 3592 453 3676 καιρῷ
486 3595 546 3677 τῆς
576 3595 693 3677 κοινῆς
725 3585 892 3662 ἁπάντων
925 3589 1127 3680 ἀνθρώπων
1155 3587 1375 3674 ἀναπαύσεως
1403 3588 1422 3681 ή
1448 3588 1548 3674 πόλις
1569 3587 1652 3662 ῦπο-

345 3695 594 3778 μιμνησκομένη
618 3697 691 3761 τῶν
713 3698 909 3778 συμφορῶν,
933 3699 1112 3763 τουτέστιν
1134 3697 1166 3764 οἱ
1190 3691 1253 3782 τήν
1275 3689 1379 3764 πόλιν
1402 3697 1575 3774 οἰκοῦντες
1591 3685 1652 3761 ούκ

294 3803 327 3856 30
345 3783 599 3877 ἀναπαυόμενοι
625 3790 776 3873 ἔκλαιον,
800 3799 854 3860 καὶ
882 3793 1017 3863 ἔκλαιον
1044 3789 1233 3880 κρουνηδὸν
1256 3799 1329 3863 τῶν
1351 3791 1508 3880 δακρύων
1530 3817 1652 3878 καταρ-

344 3883 497 3972 ρεόντων
525 3893 588 3958 ἐπὶ
611 3896 693 3959 τῶν
716 3885 917 3978 σιαγόνων
940 3886 1071 3976 αύττῦν;
1098 3895 1290 3963 ἐπετείνετο
1314 3897 1348 3962 δὲ
1370 3888 1514 3980 μάλιστα
1536 3885 1652 3971 αύτοῖς

429 4074 517 4140 Ιλίλῧ
546 4073 1006 4145 vgl.0nom.sanra1,195‚85:
1037 4079 1300 4152 Ναβουχοδονόσωρ
1327 4075 1524 4150 ἐγκαθημένος
1549 4075 1566 4144 ἢ
1593 4072 1652 4132 ἐπί-

342 4175 446 4226 γνωσις
459 4165 578 4229 συνοχῆς
589 4178 615 4215 u.
626 4161 645 4223 Ι,
656 4162 731 4228 47,2;
751 4162 833 4215 sessio
846 4161 875 4214 in
887 4163 1030 4232 agnitione
1043 4165 1193 4234 angustiae.
1204 4195 1235 4202 -
1247 4165 1285 4220 25
1304 4162 1582 4234 vgl.fflage1.Jer0m.
1593 4164 1616 4228 1,
1628 4165 1650 4214 1.

429 4327 445 4380 1
465 4321 510 4394 civ]
530 4331 558 4380 οι
576 4345 600 4380 a.
612 4329 643 4382 B„
657 4337 690 4386 <
703 4327 756 4384 ο*ο
772 4331 776 4396 Ι
792 4328 811 4384 4
829 4329 1086 4402 παραβαλλομένου
1104 4348 1120 4385 ο
1136 4333 1139 4398 3
1156 4332 1174 4386 ὅ
1193 4331 1284 4386 πολλὰ
1297 4329 1446 4386 πλούσιαο
1462 4333 1466 4398 Ι
1484 4330 1519 4386 18
1536 4330 1649 4400 χωρῶν]

343 4405 448 4482 ᾳὼρων
467 4427 482 4464 o
498 4411 502 4480 Ι
520 4411 554 4468 15
573 4407 608 4468 ἂν
628 4415 653 4466 ο1
673 4409 723 4468 ἐὰν
735 4414 787 4468 σ*ο
803 4414 808 4481 l
822 4413 1034 4486 προστάττωσιν
1048 4416 1204 4470 Κοείεοίιευ
1215 4413 1440 4486 προστάττουσιν
1456 4431 1493 4470 σο
1509 4417 1513 4482 Ι
1528 4413 1566 4470 21
1579 4406 1649 4481 Ἐπί]

341 4493 440 4548 τοτίιετ
455 4502 507 4550 τοῦ
525 4495 612 4552 αὐτοῦ
630 4498 687 4565 ool
706 4493 831 4568 πρῶτον]
851 4497 907 4570 πρὸ
926 4498 1028 4556 τούτου
1046 4501 1081 4568 oi
1102 4496 1159 4555 ἀπὸ
1178 4502 1237 4569 τοῦ]
1257 4509 1290 4558 <
1308 4501 1341 4566 cl
1361 4490 1420 4571 δελ-ῳ
1438 4499 1510 4566 σΙοΙ
1531 4499 1568 4554 27
1587 4495 1621 4554 τὸ
1639 4498 1651 4550 l

341 4575 392 4630 τὸν
411 4593 446 4632 cn
463 4581 466 4646 Ι
483 4575 526 4634 ὅτι
544 4580 553 4634 l
573 4576 621 4636 ὅτε
640 4599 676 4637 οο
692 4583 696 4650 Ι
713 4582 751 4638 *28
769 4577 914 4653 ἁπάντων]
931 4590 989 4639 τῶν
1007 4603 1023 4640 ο
1041 4584 1082 4641 θθ
1098 4586 1147 4640 καί
1166 4579 1287 4654 ἔκλαιον]
1307 4593 1339 4644 <
1358 4601 1381 4638 ο.
