3702 5540
339 465 378 528 32
556 487 561 500 ·
782 455 920 528 On‘genoe’
938 456 1199 514 soremiahomiliea

338 649 397 710 μαι
420 618 463 691 τά
486 627 717 709 συντρίμματα
739 616 869 711 ύμιόνι·
892 625 925 694 οί
949 627 984 692 δέ
1008 617 1077 693 άπό
1100 627 1174 692 τῶν
1199 625 1326 692 ἐθνῶν·
1347 623 1479 691 »δοῦλοι
1502 613 1649 707 ἐσόμεθα

337 716 456 811 ἡμεῖς,
486 716 527 793 ού
548 717 720 810 πρότερον
742 715 841 803 ὄντες
865 729 966 806 »ool«,
995 719 1082 794 ἀλλὰ
1105 717 1278 812 δαιμόνων
1300 711 1412 804 ὄντες,
1445 714 1531 790 άλλό
1553 715 1649 790 δυνά·

338 849 433 912 μεων
465 818 710 912 ἀντικειμένων
744 818 980 909 τυγχάνοντες.
1026 814 1110 893 »ότεε
1140 820 1202 910 γάρ
1231 826 1425 909 »διεμέριζεν
1455 812 1475 890 ό
1504 811 1649 906 ύφιστος

339 921 434 1008 ἔθνη,
457 917 663 1010 ἐγενήθημεν
683 916 776 1010 ἡμεῖς
798 917 840 992 ού
859 927 952 1010 μερίς
973 943 1036 993 σου
1058 917 1136 993 ούδέ
1156 917 1241 1010 μετά
1256 925 1319 991 τοῦ
1333 925 1418 991 λαοῦ
1430 914 1549 1004 Ἰακοόβ
1562 925 1648 1008 σχοί-

303 1030 440 1108 5νισμα
464 1026 692 1109 κληρονομίας
718 1043 804 1104 σου,
837 1017 923 1092 άλλά
952 1016 1135 1110 γεγόναμεν
1165 1018 1284 1092 άλλων
1312 1025 1453 1109 μερίδες·
1489 1011 1582 1107 ὅμως
1613 1023 1648 1089 δὲ

338 1114 430 1208 ἡμεῖς
452 1122 485 1189 οἰ
507 1116 686 1207 γενόμενοι
707 1117 822 1190 ἄλλων
842 1125 929 1191 ποτέ
950 1125 1088 1210 μερίδες,
1111 1125 1172 1190 σού
1192 1117 1352 1202 εἰπόντος
1374 1115 1452 1210 ἡμῖν
1477 1115 1648 1205 »ἐκιστρά

338 1245 439 1308 φητε,
470 1221 536 1289 υίοί
562 1223 838 1307 ἐπιστρέφοντες,
869 1226 925 1292 καί
951 1216 1086 1308 ἰάσομαι
1108 1216 1151 1290 τά
1173 1225 1405 1308 συντρίμματα
1425 1213 1539 1308 ύμῶνι
1564 1213 1647 1290 άπο·

337 1315 536 1408 κρινόμεθα·
559 1322 682 1408 <»οί’όε>
697 1314 825 1408 ἡμεῖςι·
848 1323 953 1390 τοῦτο
969 1318 1032 1408 γὰρ
1046 1325 1294 1409 περιεμένομεν,
1309 1316 1374 1410 τήν
1388 1323 1515 1409 κλῆσιν,
1530 1311 1647 1404 μόνον.

338 1416 399 1507 ούχ
414 1415 462 1503 οός
476 1423 600 1490 ἐκεῖνοι
613 1413 807 1510 ἐκλήθησαν
819 1423 874 1490 καί
885 1415 1140 1510 παρῃτήσαντο,
1160 1411 1254 1490 ούτω
1268 1423 1324 1489 καί
1339 1414 1430 1508 ἡμεῖς
1444 1415 1647 1506 καλούμενοι

286 1536 321 1592 10
337 1517 603 1607 παραιτούμεθα
642 1520 760 1608 ἐχομεν
788 1516 851 1608 γὰρ
878 1521 915 1591 ἐν
941 1535 1016 1601 ταῖς
1043 1525 1106 1590 τοῦ
1126 1515 1320 1609 εὐαγγελίου
1341 1525 1561 1606 παραβολαῖς,
1592 1509 1647 1588 ότι

338 1625 446 1689 τινων
476 1622 689 1708 κεκλημένων
716 1624 981 1708 προηγουμένως
1005 1611 1038 1690 »ό
1064 1623 1125 1708 μέν
1150 1647 1202 1701 τις
1228 1619 1329 1705 ἔλεγε·
1361 1634 1503 1707 γυναῖκα
1533 1619 1645 1708 ἔγημα,
1699 1693 1704 1714 ‚

337 1719 390 1805 ἔχε
410 1745 451 1806 με
471 1721 724 1807 παρητημένον,
757 1711 837 1789 όδέ
855 1741 920 1801 τις·
952 1715 1049 1807 ζεύγη
1071 1725 1165 1803 βοῶν
1186 1713 1336 1808 ἠγόρασα
1356 1723 1475 1803 πέντε,
1505 1714 1646 1805 πορεύο-

336 1844 395 1904 μαι
416 1813 594 1905 δοκιμάσαι
615 1812 715 1901 αύτά,
743 1819 796 1906 ἐχε
816 1844 857 1906 με
876 1824 1134 1908 παρῃτημένον.
1178 1813 1239 1908 ούχ
1261 1811 1374 1900 ούτως
1397 1808 1459 1889 οὖν
1481 1812 1586 1907 ἡμεῖς,
1613 1819 1646 1887 οί

338 1912 406 1988 άπὸ
433 1922 506 1986 τῶν
534 1919 665 2002 ἐθνῶν,
696 1914 887 2007 ἐκλήθημεν
906 1924 961 1988 καί
982 1922 1248 2005 παραιτούμεθα.
1290 1915 1346 1988 διά
1367 1923 1417 2002 τί,·
1444 1922 1522 2007 περὶ
1543 1933 1646 1988 ποῖον

286 2032 319 2088 15
338 2011 442 2106 άγρόν
468 2019 523 2088 ἵνα
550 2017 832 2107 καταγενοόμεθα;
860 2023 936 2106 περὶ
957 2024 1061 2088 ποίαν
1082 2032 1223 2106 γυναῖκα
1249 2014 1377 2106 σοφήν;
1402 2012 1490 2089 άλλά
1513 2023 1591 2106 περί
1611 2023 1646 2086 τί

337 2114 423 2188 άλλο
446 2111 709 2207 άσχοληθῶμεν;

419 2218 565 2305 Ε”ιρηκεν
586 2208 686 2288 ούνό
708 2213 789 2298 θεὸς
811 2210 901 2306 ἡμῖν·
927 2213 1184 2306 »ἐπιστράφητε
1206 2219 1274 2288 υίοί
1295 2221 1567 2304 ἐπιστρέφοντες,
1588 2221 1644 2286 καὶ

336 2311 472 2404 ἰάσομαι
498 2313 542 2387 τά
564 2322 796 2404 συντρίμματα
822 2312 952 2405 όμοόνι·
981 2321 1038 2385 καί
1059 2320 1243 2400 βλέποντες
1269 2317 1403 2388 ἑαυτῶν
1424 2313 1468 2387 τά
1489 2321 1644 2405 συντρίμ-

335 2443 426 2504 ματα
451 2423 508 2486 καί
533 2422 610 2505 περὶ
636 2421 698 2506 τῆς
723 2411 844 2497 ἰάσεως
871 2421 1087 2505 ἐπαγγελίαν,
1118 2410 1248 2498 εύθέως
1273 2409 1366 2505 ἡμεῖς
1386 2409 1643 2504 άποκρινόμεθα

284 2527 319 2583 20
335 2521 392 2585 καί
417 2520 570 2604 λέγομεν·
604 2514 696 2587 »ἰδού
717 2509 809 2604 ἡμεῖς
830 2510 977 2604 ἐσόμεθά
1000 2537 1065 2598 σοι,
1097 2507 1152 2586 ότι
1174 2514 1214 2584 σό
1233 2511 1350 2603 κύριος
1371 2508 1391 2585 ό
1412 2513 1496 2596 θεός
1517 2509 1643 2604 ἡμῶνι.

336 2613 585 2696 ἐπακούσαντες
617 2607 680 2688 ούν
709 2622 766 2686 καί
795 2610 952 2698 εἰπόντες
985 2609 1148 2703 »ἐσόμεθά
1178 2637 1247 2685 σοιι
1280 2610 1557 2703 μνημονεύωμεν,
1588 2605 1643 2684 ότι

333 2710 548 2804 ύπεσχόμεθα
577 2721 666 2806 θεῷ,
699 2720 858 2804 λέγοντες
888 2710 981 2804 αύτῷ
1013 2713 1054 2786 τό
1088 2708 1252 2802 »ἐσόμεθά
1282 2733 1369 2786 σοιι·
1403 2718 1459 2784 καί
1489 2709 1643 2796 εἰπόντες

333 2810 429 2904 αύτῷ
451 2813 493 2886 τὸ
520 2810 684 2903 »ἐσόμεθά
705 2835 776 2887 σοι(
801 2813 946 2905 μηδενός
968 2812 1077 2886 ἄλλου
1097 2813 1285 2904 γενώμεθα,
1307 2811 1352 2903 μή
1373 2810 1567 2902 πνεύματος
1588 2806 1643 2901 όρ-

333 2917 403 3002 γῆς,
425 2911 469 3003 μή
491 2913 685 3003 πνεύματος
707 2911 825 3003 λύπης,
848 2912 892 3003 μή
915 2911 1108 3004 πνεύματος
1129 2918 1316 3003 ἐπιθυμίας,
1338 2910 1383 3002 μή
1405 2918 1470 2984 τοῦ
1483 2907 1644 2998 διαβόλου

282 3031 316 3088 25
333 3012 527 3102 γενώμεθα,
558 3013 603 3103 μή
634 3021 709 3085 τῶν
737 3009 891 3101 άγγέλων
918 3009 1035 3084 αύτοῦ·
1066 3009 1154 3085 ἀλλὰ
1180 3018 1368 3102 κληθέντες
1393 3017 1449 3083 καί
1475 3005 1642 3094 εἰπόντες·

248 3135 316 3190 224ν
336 3113 429 3184 »ἰδού
451 3108 543 3202 ἡμεῖς
564 3108 711 3202 ἐσόμεθά
732 3133 821 3196 σοιι,
849 3118 1010 3201 δείξωμεν
1031 3130 1106 3196 τοῖς
1127 3113 1245 3202 ἐργοις,
1267 3105 1323 3184 ότι
1341 3118 1346 3199 Ι
1365 3107 1642 3200 ἐπαγγειλάμενοι

332 3216 489 3298 γενέσθαι
511 3207 627 3296 αύτοῦ,
651 3207 762 3284 ούδενί
785 3211 881 3302 άλλφ
904 3207 926 3301 ἡ
948 3207 1042 3301 αύτῷ
1065 3210 1206 3295 ἑαυτούς
1227 3207 1449 3301 ἀνεθήκαμεν.
1479 3217 1534 3282 καὶ
1549 3217 1642 3299 λέγο-

331 3335 406 3400 μεν·
431 3304 504 3383 »ότι
526 3311 567 3382 σύ
586 3309 703 3399 κύριος
726 3306 745 3382 ό
767 3309 850 3395 θεός
871 3306 968 3401 ἡμῶν
982 3311 1046 3382 είι·
1069 3307 1189 3383 οὐδένα
1205 3315 1217 3402 ΙΙ
1231 3309 1295 3401 γάρ
1309 3310 1395 3383 θεόν
1410 3307 1503 3400 ἡμεῖς
1517 3305 1641 3400 όμολο-
1661 3323 1713 3382 150

331 3414 457 3499 γοῦμεν
482 3407 536 3498 (ού
558 3410 623 3500 τήν
643 3416 778 3483 κοιλίαν
800 3407 849 3494 σός
871 3414 903 3482 οί
924 3417 1179 3500 γαστρίμαργοι,
1214 3403 1284 3481 »σόν
1306 3405 1325 3482 ό
1348 3409 1431 3494 θεὸς
1452 3404 1473 3499 ἡ
1494 3417 1641 3483 κοιλίαι·

419 3595 477 3652 211.
504 3596 568 3668 VgL
590 3597 621 3652 in
642 3598 707 3654 Luc.
727 3598 807 3656 Hom.
829 3600 862 3654 35
884 3598 934 3669 (1ο
952 3601 976 3664 5,
994 3597 1090 3667 2191).
1116 3627 1151 3639 -
1177 3596 1362 3668 Vg1.Euseb.
1384 3595 1440 3666 (Gh
1460 3597 1481 3662 Ι,
1503 3598 1565 3662 327;
1592 3596 1641 3652 σοι

332 3679 483 3752 Fmgmen1
499 3682 570 3738 nieht
587 3684 643 3739 fast
659 3701 721 3751 aus,
745 3683 786 3738 als
803 3687 877 3738 σόεο
895 3682 921 3736 ό.
938 3682 1027 3737 Νεωε
1044 3680 1143 3739 Ευεελ).
1161 3700 1214 3736 nur
1231 3680 1276 3737 ein
1293 3681 1392 3736 Fehler
1408 3680 1463 3736 fflr:
1486 3680 1640 3752 Origenes):

330 3765 372 3834 μη
388 3765 531 3838 πρότερον
548 3763 629 3834 όντες
646 3785 704 3834 σοι,
723 3764 794 3824 ἀλλὰ
813 3767 957 3837 δαιμόνων
974 3768 1063 3839 μερίς.
1080 3797 1113 3807 -
1131 3767 1150 3823 θ
1169 3766 1233 3837 Vgl.
1245 3767 1325 3823 Deuh
1337 3766 1379 3834 32,
1390 3767 1415 3822 8.
1428 3766 1451 3822 9.
1470 3795 1504 3806 -
1521 3767 1555 3822 11
1576 3765 1640 3836 Vgl.

331 3848 577 3916 Luk.14,18-20.
594 3882 627 3892 -
646 3854 682 3909 15
701 3852 765 3924 vgl.
777 3852 830 3907 Sel.
842 3852 872 3906 in
883 3852 947 3907 Luc.
960 3851 1009 3920 (Ῐιο
1022 3853 1046 3914 5,
1058 3851 1131 3919 241);
1149 3849 1166 3906 ό
1183 3853 1277 3907 δοκῶν
1294 3845 1442 3924 εὑρηκέναι
1460 3850 1564 3922 σοφίαν
1581 3853 1640 3906 κτλ

332 3965 365 3975 -
383 3934 462 3993 2111.
480 3935 543 4006 Vgl'.
557 3936 657 3992 Euseb.
668 3937 687 3994 1.
700 3954 732 3992 οε
759 3934 917 4009 φυλακτέον
939 3928 991 3991 οὖν
1013 3930 1108 4008 ἔργοις
1123 3937 1175 4004 τήν
1191 3943 1244 3992 τοῦ
1261 3931 1399 4004 ἐσομένου
1417 3951 1463 3990 σοι
1479 3929 1639 4005 ὑπόσχεσιν,

329 4018 452 4090 μηδενός
474 4013 562 4077 ἄλλον
585 4021 744 4092 γινόμενοι,
771 4015 833 4078 εἶτα
855 4019 890 4077 τὰ
912 4021 979 4094 πρίν
1001 4015 1102 4076 εἴδωλα
1120 4022 1259 4076 δοκοῦντα
1275 4017 1329 4089 μὲν
1346 4018 1413 4089 ἡμῖν
1430 4013 1525 4089 ὑψηλά
1542 4037 1574 4076 τε
1591 4020 1640 4074 καί

331 4102 498 4175 θαυμαστά,
515 4105 679 4176 καλούμενα
696 4105 726 4164 δὲ
744 4109 834 4178 ψευδῆ
851 4103 881 4162 ἐν
901 4100 979 4178 όρεσι
996 4111 1134 4170 κατοικεῖ,
1153 4102 1240 4175 ἡγουν
1257 4101 1324 4169 τοός
1340 4104 1490 4172 δαίμονας,
1512 4109 1564 4158 τοῦ
1581 4105 1639 4158 δια-

329 4189 420 4262 βόλου
431 4189 518 4260 μηδὲν
529 4191 737 4257 καταλιπόντος
748 4201 798 4260 τῆς
808 4193 932 4260 κτήσεως
946 4187 1002 4260 [εἰσ]
1016 4183 1239 4260 όπροσκόνητον.
1252 4218 1285 4228 -
1296 4187 1330 4244 25
1342 4187 1406 4258 Vgl.
1418 4186 1519 4242 naeth
1532 4189 1573 4254 25,
1585 4187 1639 4242 412

331 4302 364 4314 -
383 4274 462 4332 2411.
480 4274 544 4346 Vgl.
563 4277 666 4344 Kunm,
685 4274 901 4345 Glaubensregel
919 4275 945 4329 S.
962 4275 997 4328 44
1014 4273 1094 4327 Anm.
1113 4303 1146 4313 -
1164 4273 1203 4329 29
1222 4273 1286 4343 Vgl.
1298 4271 1369 4328 Phil.
1382 4272 1406 4336 3,
1420 4272 1460 4328 19.

417 4440 436 4496 8
453 4442 607 4516 διεμέριζεν
626 4443 664 4497 Co
681 4442 834 4514 όιεμέριζες
851 4441 920 4509 818
939 4435 1006 4510 οίόε]
1025 4441 1081 4511 vgl.
1094 4441 1120 4496 S.
1132 4444 1173 4507 31,
1185 4442 1219 4498 3³
1235 4439 1347 4512 μερίδες
1365 4455 1417 4494 σου
1428 4437 1467 4494 00
1482 4440 1487 4508 Ι
1503 4439 1542 4495 15
1556 4434 1637 4508 ἀλλὰ]

332 4531 364 4589 -1-
372 4527 422 4580 καί
434 4525 473 4580 00
488 4527 493 4596 Ι
510 4527 548 4584 12
559 4527 618 4597 καί]
631 4525 772 4582 vielleioht
785 4526 823 4580 ist
833 4526 884 4594 τήν
895 4524 1098 4596 hinzuzufflgen
1112 4525 1117 4593 Ι
1133 4525 1169 4580 21
1180 4522 1404 4594 μνημονεύωμεν
1413 4520 1451 4578 00
1463 4521 1638 4592 μνημονεύο-

329 4625 384 4677 μεν
401 4609 419 4665 S
434 4611 439 4678 Ι
454 4611 495 4668 24
511 4613 550 4681 μη
568 4614 627 4668 τ’ὡν
646 4619 698 4667 τοῦ
715 4611 733 4666 S
748 4613 753 4680 Ι
767 4607 872 4683 κύριος]
890 4609 946 4680 ng
964 4609 990 4664 S.
1001 4611 1042 4678 33,
1056 4611 1080 4666 6.
1093 4612 1128 4665 14
1143 4615 1177 4666 ιῖε
1194 4610 1212 4665 S
1227 4611 1231 4678 1
1246 4609 1287 4666 22
1305 4605 1333 4678 ό]
1345 4618 1379 4669 <
1392 4608 1444 4664 θα
