3694 5542
290 454 341 509 Die
358 455 522 525 &agmento
540 473 588 512 εαε
606 455 654 512 δατ
671 455 835 512 Ρίιὶλοίεείίο
865 455 929 528 Vgl.
941 457 1022 514 Hom.
1034 455 1136 519 xm
1152 453 1210 508 und
1226 454 1351 521 XXXIX,
1363 457 1386 510 1.
1399 455 1424 508 2.
1466 460 1524 522 197

222 625 286 690 τοῦ
311 615 503 692 σκανδάλου
528 621 614 708 ἔχειν
635 617 789 710 νοήματα
812 614 894 690 ὥστ’
916 615 959 690 ἂν
980 623 1147 708 γενεΙΙσθαι
1168 616 1209 689 τὸ
1232 623 1420 707 εἰρημένον·
1452 622 1524 688 »καὶ
1542 626 1593 682 286

222 714 241 791 6
263 717 438 791 πιστεύων
460 715 502 791 ού
521 717 880 810 καταισχυνθήσεταιι.
921 726 1104 791 πίστευσον
1124 726 1279 807 πρῶτον,
1300 723 1358 790 καί
1378 713 1526 807 εύρήσεις

221 814 288 890 ύπό
320 816 361 890 τὸ
392 815 834 908 νομιζόμενονσκάνδαλον
859 817 996 909 πολλήν
1018 816 1187 906 ῶφέλειαν
1208 813 1315 907 άγίαν.
1357 823 1385 888 εί
1406 815 1469 906 γὰρ
1491 811 1525 904 ή·

221 936 292 1006 μείς
323 918 469 1007 ἐντολὴν
493 915 658 1008 ἐλάβομεν
687 918 732 1008 μή
764 925 872 1011 λέγειν
900 921 1001 1010 »ῥῆμα
1030 914 1146 1007 άργύν,
1177 913 1225 1000 ῶς
1255 917 1425 998 δώσοντες
1450 921 1528 1003 περὶ

191 1014 332 1089 σαύτοῦ
366 1015 474 1108 λόγον
501 1024 539 1090 ἐν
568 1015 672 1112 ἡμέρᾳ
699 1025 866 1108 κρίσεως,
900 1026 958 1090 καί
990 1013 1052 1106 όση
1087 1015 1225 1106 δύναμις
1256 1014 1528 1106 φιλοτιμούμεθα

221 1124 291 1189 πᾶν
321 1118 410 1206 ῥῆμα
440 1116 481 1190 τὸ
512 1117 603 1206 ἐξιὸν
632 1124 669 1190 ἐκ
699 1125 763 1190 τοῦ
789 1115 959 1209 στόματος
989 1114 1087 1209 ήμῶν
1117 1135 1227 1189 ποιεῖν
1254 1115 1452 1206 ἐργάζεσθαι
1472 1123 1529 1188 καὶ

222 1221 259 1288 ἐν
285 1212 364 1305 ἡμῖν
391 1235 464 1301 τοῖς
492 1223 628 1307 λέγουσι
647 1225 703 1288 καί
724 1224 763 1290 ἐν
785 1235 858 1301 τοῖς
886 1214 1059 1291 ἀκούουσι·
1083 1225 1117 1289 τί
1138 1216 1201 1307 χρή
1230 1235 1322 1288 νοεῖν
1350 1223 1427 1305 περί
1456 1222 1529 1286 τῶν

222 1323 429 1406 προφητῶν,
459 1312 481 1407 6
512 1310 567 1389 ὅτι
595 1323 666 1390 πᾶν
692 1319 781 1407 ῥῆμα
807 1323 960 1408 λαληθὲν
986 1317 1041 1390 διὰ
1065 1323 1130 1389 τοῦ
1151 1312 1320 1406 στόματος
1342 1312 1459 1388 αύτῶν
1480 1319 1530 1403 ἐρ-

222 1415 365 1504 γατικὸν
386 1409 444 1505 ήν;
464 1423 521 1486 καὶ
548 1413 588 1488 ού
609 1413 819 1507 θαυμαστόν,
841 1425 871 1490 εί
890 1424 961 1490 πᾶν
983 1415 1045 1507 ΙτὸΙ
1068 1418 1156 1508 ῥῆμα
1178 1417 1219 1490 τό
1235 1415 1447 1507 λαλούμενον
1461 1411 1529 1487 ῦπὸ

175 1525 209 1581 10
225 1523 301 1588 τῶν
326 1523 520 1606 προφητῶν
541 1513 711 1606 εἰργάζετο
734 1520 833 1606 ἔργον
854 1517 896 1590 τὸ
917 1524 1051 1606 πρέπον
1072 1514 1203 1608 ῥήματι
1244 1511 1331 1588 άλλό
1352 1513 1416 1604 γὰρ
1438 1513 1531 1604 οίμαι

223 1608 278 1686 ότι
303 1622 359 1685 καὶ
386 1622 457 1687 πᾶν
485 1613 678 1704 θαυμάσιον
699 1615 831 1708 γράμμα
853 1615 894 1688 τό
916 1621 1145 1707 γεγραμμένον
1164 1621 1202 1687 ἐν
1224 1635 1296 1699 τοις
1318 1622 1446 1702 λογίοις
1467 1617 1531 1685 τοῦ

221 1721 308 1788 θεοῦ
335 1711 515 1803 ἐργάζεται
557 1723 614 1787 καὶ
639 1711 702 1787 ούκ
728 1718 821 1787 ἔστιν
850 1721 955 1788 »ἰῶτα
982 1718 1018 1787 ἐν
1039 1711 1061 1804 6
1082 1723 1141 1804 μία
1161 1721 1296 1805 κεραίαι
1321 1719 1529 1804 γεγραμμένη

223 1819 261 1886 ἐν
283 1821 326 1902 τῇ
347 1821 470 1902 γραφῇ,
493 1809 569 1904 ἥτις
591 1832 665 1898 τοϊς
687 1819 922 1904 ἐπισταμένοις
942 1821 1088 1906 χρῆσθαι
1111 1822 1154 1904 τῇ
1175 1811 1313 1904 δυνάμει
1335 1821 1409 1885 τῶν
1431 1839 1530 1903 γραμ-

223 1911 344 2002 μάτων
366 1909 429 1984 ούκ
450 1910 624 2003 ἐργάζεται
645 1913 686 1986 τό
710 1916 831 2005 ἑαυτῆς
851 1919 959 2005 ἔργον.

119 2048 162 2104 Ro
175 2049 209 2105 59
309 2048 337 2108 2.
367 2031 492 2123 Ὥσπερ
522 2042 558 2106 δὲ
588 2041 644 2108 ἐπὶ
673 2045 748 2110 τῶν
777 2045 938 2124 βοτανῶν
965 2037 1087 2126 ἑκάστη
1108 2046 1170 2130 μὲν
1192 2042 1257 2128 ἔχει
1275 2045 1280 2125 Ι
1299 2035 1442 2127 δύναμιν
1464 2039 1530 2107 εἴτε

228 2140 274 2219 είς
305 2133 371 2225 τήν
397 2132 525 2225 ύγίειαν
555 2143 629 2208 τῶν
659 2135 829 2226 σωμάτων
860 2142 927 2209 είτε
956 2143 1003 2222 είς
1033 2133 1231 2228 ὁτιδήποτε,
1262 2133 1303 2209 ού
1327 2133 1475 2208 πάντων
1496 2140 1534 2206 δέ

226 2239 319 2307 ἐστιν
349 2239 551 2307 ἐπίστασθαι
581 2241 628 2319 είς
658 2229 678 2308 6
701 2233 824 2327 ἑκάστη
845 2245 919 2310 τῶν
940 2241 1137 2322 βοτανῶνέ
1139 2260 1193 2308 στι
1212 2234 1385 2327 χρήσιμος,
1408 2229 1483 2308 ἄλλ’
1505 2239 1534 2306 εί

227 2361 314 2416 τινες
340 2332 530 2425 ἐπιστήμην
554 2333 740 2426 εἰλήφασιν,
769 2330 867 2409 οῦτοι
893 2341 926 2409 οἱ
952 2343 1027 2425 περί
1050 2336 1112 2420 τὰς
1132 2332 1280 2423 βοτάνας
1301 2341 1533 2424 διατρίβοντες

226 2436 281 2504 ίνα
308 2438 422 2505 είδῶσι
447 2441 504 2505 καὶ
528 2431 615 2507 πότε
641 2442 971 2528 παραλαμβανομένη
996 2443 1053 2507 καὶ
1079 2442 1148 2508 ποῦ
1172 2442 1248 2506 τῶν
1270 2432 1442 2525 σωμάτων
1463 2439 1533 2506 ἐπι·

175 2546 210 2602 20
227 2537 389 2623 τιθεμένη
409 2539 464 2602 καί
486 2543 564 2606 τίνα
586 2533 718 2622 τρόπον
739 2542 964 2625 σκευαζομένη
985 2532 1166 2626 ὀνίνησι
1130 2563 1195 2607 τον
1207 2535 1393 2625 χρώμενον,
1419 2527 1533 2615 οῦτως

226 2635 330 2704 οἱονεί
355 2629 535 2716 βοτανικός
562 2661 614 2716 τις
639 2633 866 2723 πνευματικός
891 2631 1028 2707 ἐστιν’
1008 2666 1028 2708 ο
1054 2629 1161 2722 άγιος,
1192 2632 1438 2725 ἀναλεγόμενος
1463 2630 1532 2705 άπὸ

109 2775 121 2794 ι
226 2738 300 2802 τῶν
330 2734 434 2818 ἱερῶν
464 2728 673 2823 γραμμάτων
704 2736 848 2806 ἕκαστον
877 2739 965 2806 ίῶτα
993 2743 1049 2805 καί
1080 2732 1287 2806 ἕκαστον
1250 2763 1292 2806 το
1315 2731 1421 2823 τυχὸν
1442 2754 1533 2805 στοι-

225 2847 327 2949 χελμν,
355 2839 412 2901 καί
443 2826 609 2920 εύρίσκων
631 2832 698 2922 τήν
719 2831 861 2924 δύναμιν
882 2839 946 2905 τοῦ
956 2831 1174 2955 γράμματος,
1200 2841 1258 2906 καὶ
1280 2827 1379 2919 είςό,
1406 2862 1441 2905 τι
1463 2837 1532 2904 ἐστί

225 2926 399 3018 χρήσιμον,
429 2939 486 3002 καί
517 2923 571 3002 ότι
602 2928 701 3003 οῦδὲν
731 2939 892 3021 παρέλκει
922 2940 996 3005 τῶν
1021 2941 1266 3024 γεγραμμένων.
1310 2939 1339 3004 εί
1364 2939 1400 3005 δὲ
1421 2930 1533 3016 βούλει

177 3041 210 3100 25
227 3035 284 3098 καί
310 3025 518 3117 δευτέρου’
497 3035 637 3102 ακοῦσαι
664 3035 711 3114 είς
741 3037 846 3104 τοῦτο
872 3038 1154 3124 παραδείγματος,
1183 3033 1327 3106 ἕκαστον
1347 3038 1450 3123 μέλος
1470 3040 1534 3104 τοῦ

227 3125 384 3216 σῶματος
420 3124 518 3248 ήμῶν
554 3134 609 3201 ἐπί
638 3158 706 3202 τινι
735 3132 823 3221 ἔργῳ
852 3125 920 3203 ύπό
956 3139 1021 3204 τοῦ
1049 3141 1206 3221 τεχνίτου
1232 3138 1317 3204 θεοῦ
1345 3137 1533 3222 γεγένηται·

227 3221 301 3297 ἀλλ’
324 3223 366 3297 ού
390 3224 537 3300 πάντων
562 3233 655 3301 ἐστίν
682 3234 805 3302 είδέναι
832 3227 924 3313 τίς“
904 3261 925 3322 η
949 3228 1092 3304 εκάστου
1114 3239 1188 3304 τῶν
1208 3238 1322 3321 μελῶν
1343 3238 1438 3322 μέχρι
1459 3237 1533 3302 τῶν

226 3322 407 3414 τυχόντων
433 3325 571 3418 δύναμις
601 3335 657 3399 καί
686 3334 789 3418 χρεία.
832 3333 864 3402 οἱ
894 3329 958 3421 γὰρ
988 3338 1067 3420 περὶ
1097 3330 1159 3413 τὰς
1185 3326 1358 3422 άνατομός
1382 3359 1534 3421 πραγμα-

226 3420 423 3513 νευσόμενοι
445 3433 518 3498 τῶν
539 3433 671 3516 ἰατρῶν
701 3428 864 3500 δύνανται
894 3435 1002 3516 λέγειν
1033 3431 1177 3502 ἕκαστον
1206 3437 1263 3502 καί
1289 3429 1329 3502 τὸ
1356 3427 1535 3520 ἐλάχιστον

177 3536 212 3592 30
228 3521 357 3612 μόριον,
380 3527 427 3606 είς
447 3534 482 3596 τί
502 3523 664 3646 χρήσιμον
686 3523 754 3600 ύπό
777 3533 839 3618 τῆς
860 3537 1025 3619 προνοίας
1037 3536 1223 3620 γεγενηται
1259 3528 1330 3603 νόει
1343 3560 1401 3621 μοι
1415 3536 1535 3603 τοίνυν

225 3629 283 3693 καὶ
313 3620 375 3705 τὰς
405 3623 538 3714 γραφὰς
568 3632 696 3698 τοῦτον
727 3625 790 3699 τόν
819 3625 955 3715 τρόπον
982 3626 1091 3712 πόσας
1111 3627 1312 3717 βοτάνας
1289 3659 1375 3721 ην
1339 3633 1375 3702 ἐν
1402 3636 1534 3702 τέλειον

227 3718 332 3810 λόγου
357 3729 466 3812 σῶμα·
495 3729 524 3794 εί
550 3728 586 3795 δέ
613 3725 654 3796 σύ
677 3723 762 3816 μήτε
787 3724 966 3858 βοτανικός
988 3729 1021 3799 εί
1044 3735 1119 3801 τῶν
1139 3737 1282 3819 γραφῶν
1303 3729 1388 3821 μήτε
1410 3725 1533 3802 άνατο·

226 3924 865 4076 Μμῦεήμοψεειπεειε
903 3929 1354 4001 ινςι.ιιιιιιιιε,3ε.-
1391 3933 1533 4004 12ng

256 4025 273 4062 8

312 4193 330 4249 ίί
354 4187 449 4264 ἁγίαν]
467 4200 501 4252 <
519 4195 539 4249 C
558 4195 562 4261 Ι
583 4195 602 4250 4
620 4189 669 4265 ὼς]
689 4198 763 4255 <Δ
782 4199 836 4266 ΙΙ
807 4197 855 4264 4Ιῦ
836 4197 963 4269 ῦλδγον
980 4203 1046 4273 περί
1063 4199 1151 4258 αὐτοῦ
1167 4199 1308 4269 δώσοντες
1325 4201 1346 4257 Ο
1365 4203 1371 4273 Ι
1388 4203 1406 4258 ῦ
1428 4206 1533 4274 φιλοτι-

224 4271 351 4344 μώμεθα
369 4280 393 4331 A
413 4279 417 4345 Ι
436 4277 454 4332 θ
471 4278 537 4348 πᾶν]
556 4285 589 4342 -Ι·
606 4277 653 4334 τόι
671 4281 720 4334 AB
735 4282 739 4348 Ι
755 4280 773 4337 8
791 4281 836 4338 διὰ
855 4279 949 4353 τοῦΙέ
948 4303 967 4338 κ
983 4285 1030 4340 Ac
1049 4287 1053 4353 Ι
1074 4283 1241 4359 ἐργαστικὸν
1259 4287 1279 4342 0
1302 4289 1307 4356 Ι
1323 4287 1342 4343 θ
1361 4285 1394 4343 τδ
1413 4295 1447 4346 <
1464 4287 1509 4342 Hu
1528 4287 1531 4355 Ι

226 4354 310 4416 16⁰
291 4378 389 4430 νγειαν
412 4362 458 4417 Ac
481 4363 486 4430 Ι
511 4363 550 4419 Ιθ
580 4361 685 4435 εἰδῶσι]
707 4359 801 4421 είδωσι
821 4367 892 4423 ABG
918 4386 952 4422 w.
970 4386 993 4424 e.
1011 4369 1068 4424 soh.
1091 4365 1169 4426 ίίίωσι
1191 4372 1236 4427 Hu
1262 4373 1267 4439 Ι
1292 4377 1461 4441 σωματικῶν
1483 4372 1531 4439 ΔΙ

225 4443 262 4499 21
275 4440 562 4519 βοτανικδς-δίγιος]
574 4467 617 4514 τις
626 4448 779 4522 βοτανικδς
792 4447 867 4506 ἐστιν
880 4447 896 4505 6
914 4445 997 4522 ἅγιος
1012 4457 1062 4510 καί
1074 4455 1263 4522 πνευματικός
1275 4456 1320 4511 Ac
1335 4459 1340 4525 Ι
1356 4457 1395 4514 22
1412 4452 1533 4514 ἕκαστον

224 4525 379 4682 ίῦίιςταῆκὲιίΙ
397 4540 445 4669 <B
447 4531 473 4585 A
495 4533 500 4600 Ι
525 4533 562 4588 26
586 4533 667 4604 θεοῦ]
686 4533 757 4595 <G
781 4535 785 4604 Ι
809 4535 847 4592 29
869 4533 983 4608 ἰατρῶν]
1003 4544 1042 4601 -Ι-
1054 4535 1089 4593 οὐ
1111 4539 1131 4593 C
1154 4541 1159 4608 Ι
1183 4540 1220 4596 80
1243 4539 1358 4614 μόριον]
1376 4563 1397 4610 μ
1400 4541 1502 4615 έροςῦ
1528 4543 1531 4610 Ι

225 4631 239 4669 ε
282 4631 298 4668 τ
352 4629 397 4670 οτι
