3768 5544
644 433 766 490 Homilie
782 433 855 488 XIV.
889 433 1164 499 Jerem.15,10-19.
1507 441 1564 502 121

346 608 391 668 15.
417 602 500 666 »Καὶ
522 600 615 668 ἔσται
637 591 655 667 δ
677 591 779 684 λόγος
801 618 863 666 σου
885 599 958 684 ἐμοί
973 601 1019 678 εἰς
1034 591 1274 683 εόφροσόνηνι.
1317 590 1379 666 οόκ
1402 598 1471 666 ἔστι
1494 601 1566 679 νῦν,

258 691 332 768 ἄλλ’
358 696 501 766 είσταιι·
522 700 594 768 ἐπεὶ
615 695 678 787 γὰρ
701 700 757 767 ίπὶ
778 701 843 766 τοῦ
863 691 1037 784 παρόντος
1059 689 1078 765 δ
1100 693 1200 782 λόγος
1226 719 1287 766 σου
1309 698 1381 784 ἐμοὶ
1400 700 1447 776 είς
1462 705 1568 782 φυλα-

256 791 327 878 κός,
351 798 396 878 είς
415 801 517 882 δίκας,
533 801 579 879 είς
592 793 783 885 πράγματα,
798 798 844 878 είς
859 799 1055 884 δυσφημίας,
1078 798 1125 877 είς
1139 792 1276 880 πόνους,
1298 791 1384 867 ἀλλὰ
1404 791 1445 866 τὸ
1467 800 1567 877 τέλος

257 894 396 966 τούτων
416 892 608 986 εὐφροσύνη
623 896 725 968 ἔσται.
762 903 835 966 »καί
849 897 944 966 ἔσται
964 887 984 964 δ
1000 890 1102 982 λόγος
1117 916 1178 965 σου
1199 899 1271 983 έμοὶ
1286 896 1331 976 είς
1355 889 1568 984 εὐφροσύνην

172 1005 240 1061 2781
256 1001 311 1066 καὶ
331 993 440 1084 χαρὰν
462 1001 601 1084 καρδίας
622 1023 697 1085 μου,
720 989 776 1067 ότι
798 999 1023 1082 ἐπικέῈκληται
1044 992 1086 1066 τό
1109 986 1218 1083 όνομό
1241 1015 1301 1064 σου
1322 989 1374 1065 ἐπ’
1389 996 1453 1083 ἐμέ,
1475 991 1567 1082 κύριε

259 1093 532 1184 παντοκράτορι.
574 1093 639 1167 κᾶν
661 1094 809 1183 Χριστός
824 1101 914 1183 λέγη,
936 1093 978 1166 τὸ
1004 1087 1111 1183 ὄνομα
1126 1099 1189 1164 τοῦ
1204 1092 1335 1182 πατρὸς
1350 1097 1566 1182 ἐπικέκληται

257 1192 311 1266 ἐπ’
334 1191 449 1266 αὐτόν.
495 1193 741 1267 »οόκέκάθισα
762 1199 799 1266 ἐν
820 1199 983 1283 συνεδρίῳ
1007 1189 1125 1265 αὐτῶν
1151 1189 1379 1279 παιζόντωνι.
1396 1197 1407 1282 ]]
1424 1197 1453 1263 εί
1479 1221 1565 1264 ποτε
1586 1211 1638 1266 219

258 1294 384 1382 ίοόρακε
407 1293 447 1366 τὸ
471 1299 646 1383 συνέδριον
668 1290 687 1366 δ
709 1292 890 1385 προφήτης
913 1289 954 1366 οὗ
975 1288 1241 1380 σπουδαζόντων
1256 1289 1344 1364 ἀλλὰ
1358 1288 1564 1378 παιζόντων,

257 1394 375 1482 ἔφευγε
396 1399 528 1482 μᾶλλον
550 1394 592 1465 τό
614 1392 815 1484 συνάγεσθαι
837 1391 923 1484 ἤπερ
945 1395 1104 1464 ἔσπευδεν
1126 1396 1181 1464 ἐπὶ
1204 1392 1407 1482 συναγωγὴν
1427 1391 1565 1479 παιζόν-

204 1513 239 1568 10
256 1520 339 1564 των.
381 1499 501 1582 νοῆσαί
531 1517 567 1565 σε
598 1486 661 1565 οὖν
689 1501 741 1566 δεῑ
771 1493 942 1584 διαφορὰν
978 1499 1154 1582 συνεδρίου
1182 1487 1381 1578 παιζόντων
1410 1497 1465 1562 καί
1498 1491 1563 1582 [μὴ]

257 1589 533 1679 σπουδαζόντων.
590 1591 631 1664 τό
667 1600 844 1682 συνέδριον
887 1600 994 1674 τοῦτο
1035 1589 1219 1664 σπουδαῖόν
1255 1597 1326 1663 έστι
1360 1599 1417 1662 καὶ
1449 1588 1564 1664 πάντα

255 1710 346 1763 ποιεῖ
381 1692 466 1781 μετὰ
504 1699 652 1782 σπουδῆς
687 1700 743 1763 καὶ
785 1699 933 1783 σπουδῆς
972 1691 1049 1780 ἄξια
1083 1698 1139 1763 καὶ
1170 1689 1259 1762 κατὰ
1291 1690 1333 1763 τὸ
1368 1687 1565 1780 λεγόμενον·

255 1790 386 1882 σπουδὴ
409 1787 427 1863 δ
450 1789 561 1880 λόγος,
593 1792 722 1882 σπουδὴ
749 1787 768 1863 δ
799 1801 882 1878 βίος,
912 1799 967 1863 καὶ
997 1789 1112 1877 πάντη
1142 1795 1213 1861 ἐστὶ
1243 1788 1284 1860 τό
1316 1797 1492 1880 συνέδριον
1523 1787 1564 1864 οό

254 1887 461 1977 παιζόντων,
495 1889 582 1964 ἀλλὰ
604 1889 878 1980 σπουδαζόντων.
929 1885 1015 1963 όταν
1041 1897 1076 1962 δὲ
1103 1888 1145 1961 τό
1171 1895 1347 1978 συνέδριον
1371 1889 1564 1963 καταλιπόν

204 2009 237 2063 15
254 1989 320 2080 τὴν
355 1989 507 2080 σπουδὴν
543 1991 608 2082 τὴν
643 1998 720 2081 περὶ
756 1992 800 2063 τὰ
829 1989 995 2080 ἀναγκαία
1024 1987 1170 2078 οχολόζη
1199 2008 1273 2073 τοῖς
1302 1998 1471 2078 παιγνίοις
1500 1997 1564 2062 τοῦ

257 2096 383 2173 αἰῶνος
404 2089 532 2162 τούτου
552 2099 608 2162 καὶ
629 2099 798 2180 παιγνίοις
820 2110 893 2174 τοῖς
915 2087 983 2162 όπὸ
1006 2097 1068 2180 τῆς
1089 2096 1216 2173 κακίας,
1239 2094 1367 2178 γίνεται
1389 2096 1564 2178 συνέδρων

255 2187 462 2276 παιζόντων.
513 2197 617 2280 φησίν
650 2183 712 2262 οὖν
743 2183 857 2275 οὗτος·
896 2185 975 2261 »οὐκ
1005 2187 1147 2261 ἐκάθισα
1178 2192 1215 2261 έν
1251 2195 1414 2277 συνεδρίω
1446 2185 1562 2261 αὐτῶν

255 2288 470 2376 παιζόντων,
510 2286 585 2362 ἀλλ’
620 2287 831 2380 εὐλαβούμην
866 2286 934 2362 ἇπό
970 2288 1161 2377 προσώπου
1190 2285 1333 2378 <χειρός>
1369 2313 1458 2362 σοοι.
1502 2288 1562 2362 δύο

254 2397 497 2478 προκειμένων,
528 2396 735 2477 καθέζεσθαι
762 2395 799 2462 έν
827 2394 989 2478 συνεδρίῳ
1016 2385 1214 2475 παιζόντων
1243 2391 1300 2458 καί
1322 2394 1375 2460 σοὶ
1405 2396 1456 2478 τῷ
1487 2395 1561 2478 θεῷ

202 2503 237 2558 20
253 2486 486 2580 προσκόπτειν
506 2497 562 2560 καὶ
583 2496 635 2561 σοί
656 2487 700 2578 μὴ
724 2487 885 2579 ἀρέσκειν,
907 2483 929 2576 ἢ
951 2492 1137 2588 έγείρεσδαι
1151 2483 1219 2558 ἀπὸ
1236 2494 1413 2576 συνεδρίου
1425 2484 1561 2574 παιζόν-

254 2617 327 2659 των
347 2595 403 2660 καὶ
424 2607 537 2662 ποιεῖν
558 2595 668 2660 ταῦτα
694 2585 715 2658 όί
737 2596 791 2660 σοὶ
818 2596 922 2676 φίλον
947 2589 1000 2676 ἠν,
1032 2583 1171 2675 εἱλόμην
1197 2592 1330 2675 μᾶλλον
1357 2582 1562 2659 ἀνίστασθαι

253 2683 321 2759 όπό
343 2695 405 2759 τοῦ
434 2696 612 2776 συνεδρίου
642 2695 717 2758 τῶν
745 2685 945 2774 παιζόντων
974 2695 1029 2756 καὶ
1064 2692 1117 2756 σοί
1148 2693 1248 2773 φίλος
1278 2687 1371 2770 εἶναι,
1402 2681 1488 2774 ἥπερ
1519 2684 1561 2758 τό

253 2791 412 2859 ἐναντίον
431 2795 546 2860 ποιῶν
567 2787 691 2876 έχδρός
712 2794 870 2875 γενέσθαι
897 2793 939 2874 τῇ
958 2783 1181 2874 μακαριότητί
1204 2808 1272 2856 σου.
1318 2781 1398 2856 »οὐκ
1420 2783 1562 2858 ἐκάθισα

255 2891 292 2958 ἐν
325 2891 488 2977 συνεδρίῳ
526 2883 642 2958 αὐτῶν
677 2883 885 2974 παιζόντων,
923 2883 998 2957 ἀλλ’
1028 2880 1239 2974 εόλαβοόμην
1270 2878 1338 2956 όπὸ
1371 2885 1561 2974 προσώπου

165 3001 234 3057 2791
250 2985 359 3073 χειρός
386 3010 476 3058 οουι.
519 2997 576 3059 καὶ
598 2981 617 3059 δ
639 2985 755 3075 σωτὴρ
777 2982 874 3076 ἡμῶν
893 2989 898 3074 Ι
917 2982 979 3056 οόκ
1001 2981 1158 3057 ίκόθισεν
1182 2989 1238 3056 νίν
1260 2989 1421 3075 συνεδρίῳ
1445 2981 1561 3057 αὐτῶν

250 3082 476 3172 παιζόντωνι,
508 3081 584 3158 ἀλλ’
610 3082 784 3174 ’ἀπανέστη
807 3080 865 3157 ἀπ’
889 3080 1016 3157 αὐτῶν.
1057 3091 1114 3154 καὶ
1135 3080 1269 3173 σημεῖόν
1299 3089 1371 3155 ἐστι
1397 3090 1462 3156 τοῦ
1486 3088 1559 3174 ίγη·

250 3191 370 3273 γέρθαι
391 3185 455 3258 τὸν
478 3191 617 3276 σωτῆρα
644 3182 712 3258 όπό
740 3191 915 3272 συνεδρίου
943 3179 1152 3270 παιζόντων,
1179 3181 1220 3254 τό
1247 3187 1414 3273 εἰρηκέναι
1440 3181 1558 3256 αὐτόν·

253 3281 409 3373 »ἀφίεται
429 3283 507 3375 δμῑν
530 3281 549 3357 ό
572 3288 665 3368 οἶκος
685 3281 783 3376 δμῶν
804 3288 954 3374 ἔρημοςι.
1004 3287 1229 3354 καταλέλοιπε
1249 3282 1313 3372 γὰρ
1334 3278 1472 3372 δλόγος
1496 3290 1559 3356 τοῦ

333 3539 372 3596 28
390 3539 491 3594 Matth.
504 3541 545 3604 23,
558 3541 599 3595 38.

332 3771 403 3827 1-2
423 3770 524 3826 Ηίεττιε
541 3771 648 3841 Fragm.
661 3773 694 3826 57
711 3770 741 3824 in
759 3769 792 3824 0:
815 3763 989 3838 Εἰ-όνομα
1008 3771 1013 3837 1
1034 3770 1052 3824 2
1071 3765 1134 3826 ἐπεὶ
1150 3767 1236 3843 γὰρδ
1254 3770 1390 3839 siquam
1411 3769 1437 3823 Η
1459 3767 1487 3826 εί
1502 3768 1558 3843 γδιρ

245 3854 296 3908 καί
313 3851 389 3922 014
407 3848 517 3910 δοταιθ
535 3855 586 3908 erit
604 3855 630 3909 Η
648 3849 707 3910 ἐστί
724 3855 797 3924 816
814 3852 891 3924 λέγῃ]
911 3860 943 3918 -Ι-
961 3870 1017 3906 non
1034 3853 1158 3908 abhorret
1174 3853 1208 3906 ab
1230 3853 1366 3909 intellectu
1382 3853 1408 3908 Η
1428 3855 1432 3923 Ι
1453 3849 1556 3924 ὄνομα]

245 3945 278 4001 -λ-
296 3939 395 4008 quippe
422 3939 447 3992 H
468 3941 472 4008 Ι
495 3941 509 3994 λ
539 3935 641 4009 αὐτῶν]
664 3948 697 3998 <
719 3939 744 3992 Η
768 3940 773 4006 Ι
798 3940 816 3996 8
843 3934 954 4011 ἑώρακε
975 3936 1021 3992 Hu
1046 3937 1150 3992 οίιίιίιαί
1177 3938 1202 3991 H
1229 3933 1345 4012 ἑώρακα
1369 3939 1386 3992 S
1409 3939 1415 4008 Ι
1438 3937 1458 3995 2
1486 3943 1556 4007 μᾶλ-

244 4023 507 4093 λον-παιζόντων]
527 4035 558 4081 <
575 4023 602 4077 H
629 4025 634 4092 Ι
663 4020 744 4096 ἥπερ]
763 4017 843 4094 εἴπερ
861 4023 879 4077 S
898 4022 953 4092 vgl.
972 4023 998 4076 Z.
1017 4025 1050 4078 22
1073 4024 1077 4091 1
1102 4022 1215 4080 11-12
1235 4023 1335 4078 Hierzu
1351 4024 1460 4094 hagm.
1477 4025 1511 4082 58
1527 4024 1557 4078 in

244 4106 278 4160 G:
303 4105 605 4179 Συνέδρων-τούτου
624 4107 729 4176 110111
751 4105 1183 4177 παιζόντων*σπονδαζόντων]
1204 4108 1320 4162 solliciti
1334 4112 1414 4176 αληιω
1430 4109 1556 4164 ludentia.

246 4190 280 4244 Si
290 4191 315 4244 H
330 4193 334 4260 Ι
351 4192 389 4248 12
408 4185 474 4259 ἄξια
488 4192 508 4246 C
521 4192 716 4246 Εοοίοεταείίοο
728 4191 754 4245 Η
770 4187 852 4258 ἀξίας
863 4192 881 4246 S
896 4193 900 4260 Ι
915 4189 988 4247 κατὰ
1001 4189 1034 4246 τδ
1047 4189 1213 4262 λεγόμενον]
1226 4191 1267 4246 SC
1278 4201 1312 4252 <
1323 4192 1349 4246 Η
1363 4193 1368 4260 1
1385 4193 1424 4249 12
1437 4195 1555 4261 σιτοιιδι]1

244 4276 353 4347 -βίος]
373 4277 478 4350 σπουδὴ
497 4272 513 4330 δ
530 4277 601 4348 βίος,
620 4277 727 4344 σπουδι]
744 4275 762 4345 ἡ
780 4278 881 4348 πρᾶξις
894 4275 914 4329 G
931 4275 959 4329 σι’
975 4291 1064 4329 sermo
1076 4291 1140 4329 oum
1150 4275 1310 4344 διἐοίμίίπα,
1328 4276 1358 4330 ω’
1367 4278 1425 4332 vita
1436 4277 1556 4332 εοίίίωία

243 4364 281 4412 est
292 4359 318 4413 Η
339 4361 343 4427 ]
362 4362 411 4415 καὶ
428 4357 528 4429 πάντη]
547 4361 575 4413 εί
590 4360 699 4428 ιωμοίία
716 4377 780 4414 eum
800 4359 907 4414 παιδεία
918 4358 944 4412 Η
963 4359 968 4426 1
990 4357 1028 4415 le
1046 4367 1106 4424 τοῖς
1118 4359 1156 4416 Co
1174 4361 1226 4429 qui
1240 4361 1353 4416 venium
1365 4361 1390 4414 Η
1407 4371 1457 4430 της
1468 4361 1485 4416 S
1500 4363 1505 4430 1
1522 4363 1556 4418 12

245 4439 348 4513 αὐτῶν]
367 4453 400 4502 <
411 4445 437 4499 Η
453 4445 457 4513 Ι
474 4446 512 4502 18
530 4443 626 4516 χειρός
637 4445 677 4500 Lo
693 4461 796 4498 manus
809 4443 835 4498 Η
849 4445 854 4511 Ι
871 4443 957 4510 lom)
974 4445 1049 4499 καί-
1059 4440 1198 4516 ἀρέσκειν]
1210 4450 1234 4500 τί
1246 4445 1377 4513 offendere
1388 4447 1556 4514 majestatem

244 4532 322 4581 λασιπ
333 4527 358 4580 H
373 4529 378 4594 Ι
394 4529 433 4584 22
451 4527 524 4600 ἥπερ
535 4529 582 4584 Hu
599 4546 683 4598 quam
694 4529 721 4583 H
738 4523 818 4602 εἴπερ
831 4529 849 4584 S
869 4530 873 4596 Ι
894 4528 934 4584 22
952 4533 987 4597 τῇ
1003 4528 1201 4600 μακαριότητι]
1220 4539 1253 4589 <
1264 4531 1291 4584 Η
1309 4531 1314 4598 1
1335 4529 1384 4587 24.
1397 4529 1433 4586 25
1451 4527 1556 4600 αὐτῶν]

243 4611 312 4670 <Η
330 4613 334 4680 Ι
350 4612 459 4669 26-27
481 4607 673 4683 dax-aim]
691 4613 737 4665 sed
753 4613 905 4666 surrexisse
924 4629 951 4664 se
968 4613 1064 4666 δοσικε
1081 4612 1158 4666 αι’ίΗ
1175 4613 1232 4681 127
1252 4611 1285 4669 τδ
1298 4613 1343 4668 Ηυ
1360 4619 1412 4669 τῶι
1428 4613 1453 4668 S.
