3702 5540
665 479 786 535 Homilie
803 480 850 536 IV.
885 482 984 537 terem.
1001 484 1026 550 3,
1043 483 1135 538 6-11.
1513 490 1553 551 27

249 638 454 731 »εύχαριστῶ
476 661 529 712 σοι
552 633 607 712 ότι
629 638 692 714 ούκ
714 648 778 734 είμί
801 639 849 726 οός
870 648 903 718 ol
924 652 1039 717 λοιποί
1062 651 1136 716 τῶν
1157 641 1376 734 ἀνθρώπων,
1399 638 1554 734 ἀρπαγες,

246 741 370 826 ἀδικοι,
397 749 523 831 μοιχοί,
550 736 573 831 ή
594 747 648 812 καί
671 739 720 824 οός
741 733 844 826 οῦτος
865 738 885 815 ό
907 741 1072 833 τελοόνης·
1102 742 1257 834 νηστεύω
1280 751 1331 827 δίς
1351 750 1416 817 τοῦ
1437 743 1556 831 σαββά-

248 871 319 927 του,
341 838 544 914 ἀποδεκατῶ
567 839 610 913 τά
632 837 830 930 ύπάρχοντά
849 870 950 933 μουι,
981 835 1060 930 όφει
1082 838 1137 916 ὅτι
1159 841 1365 934 ἀναβέβηκεν
1390 849 1464 917 »ἐπὶ
1484 851 1555 917 πᾶν

247 936 328 1030 όρος
353 937 506 1031 ῦφηλὸνι
536 949 674 1028 φεκτῶς
694 949 751 1012 καί
772 938 947 1032 ἀγαπήσας
967 943 1270 1034 μεγαλοφροσύνην
1291 950 1347 1016 καί
1368 943 1468 1016 »κατὰ
1490 943 1556 1033 τήν

213 1039 446 1130 σάλαξονείαν
476 1047 533 1112 καί
565 1041 652 1112 κατὰ
683 1040 749 1130 τήν
778 1039 1033 1131 ύπερηφανίαν.
1078 1035 1116 1127 ῦς
1147 1049 1183 1115 δέ
1213 1040 1397 1134 ἀναβέβηκε
1422 1048 1479 1114 καί
1501 1047 1555 1114 ἐπὶ

247 1139 362 1214 πάντα
383 1141 510 1228 βουνόν
531 1136 666 1230 ύφηλὸν
687 1148 744 1212 καί
765 1147 904 1230 γέγονεν
928 1138 1109 1214 »ύποκάτω
1131 1143 1263 1228 παντὸς
1285 1141 1405 1230 ξύλουι
1424 1139 1466 1214 ού
1478 1170 1557 1232 καρ-

162 1253 230 1308 221ν
247 1250 359 1331 πίμου,
382 1237 457 1312 ἀλλ’
482 1237 704 1324 »ἀλσώδουςσ
723 1249 729 1326 Ι
748 1240 833 1312 ἀλλο
856 1239 919 1331 γάρ
939 1239 980 1311 τὸ
1002 1237 1152 1326 ἀλσῶδες
1173 1241 1285 1329 ξύλον,
1308 1241 1393 1315 ἀλλο
1416 1241 1457 1315 τό
1479 1271 1557 1330 καρ-

248 1335 414 1428 ποφόρον.
450 1347 497 1424 είς
524 1339 609 1431 ἀλση
637 1334 723 1412 όταν
750 1338 922 1428 φυτεύωσι
949 1337 1047 1426 ξύλα,
1078 1340 1283 1429 φυτεύουσιν
1304 1338 1347 1413 ού
1367 1340 1411 1414 τά
1431 1369 1557 1432 καρπο-

248 1436 352 1528 φόρα,
384 1436 426 1512 ού
451 1446 558 1530 συκῆν
583 1435 662 1512 οῦδὲ
689 1437 853 1529 ἄμπελον,
889 1435 977 1513 ἀλλὰ
997 1435 1105 1529 μόνον
1127 1445 1281 1531 τέρψεως
1299 1438 1399 1530 χάριν
1421 1440 1557 1529 ἀκαρπα

198 1550 231 1604 10
247 1538 338 1627 ξύλα.
374 1537 555 1622 τοιούτους
577 1535 726 1630 εύρήσεις
748 1539 828 1622 τούς
849 1534 972 1628 λόγους
994 1545 1067 1611 τῶν
1090 1537 1298 1629 ἑτεροδόξων
1319 1549 1377 1613 καί
1390 1540 1435 1613 τά
1448 1537 1558 1630 κάλλη

248 1647 321 1711 τῶν
343 1637 595 1731 πιθανοτήτων
616 1636 734 1711 αῦτοῦν
756 1636 818 1710 οῦκ
839 1634 1122 1728 ἐπιστρεφόντων
1139 1640 1221 1724 τοῦς
1236 1637 1434 1723 ἀκούοντας.
1471 1632 1556 1710 ὅταν

248 1731 310 1810 οῦν
336 1756 409 1822 τοῖς
437 1735 609 1824 τοιούτοις
635 1735 748 1827 λόγοις
768 1765 821 1822 τις
842 1738 967 1812 ἑαυτὸν
988 1743 1109 1827 ἐπιδῷ,
1143 1736 1349 1829 πεπύρωται
1374 1735 1555 1810 »ύποκάτω

247 1837 377 1920 παντὸς
405 1835 508 1924 ξύλου
534 1834 738 1922 ἀλσιόδουςι.
774 1833 836 1910 οῦκ
862 1841 972 1928 είρηκε
1001 1837 1152 1920 »παντὸς
1173 1837 1293 1924 ξύλου(
1317 1844 1373 1910 καί
1395 1839 1557 1926 σεσιαόπη-

247 1963 318 2022 κεν,
341 1933 420 2009 οῦδὲ
443 1934 548 2009 πόλιν
569 1943 777 2028 προσέθηκε·
807 1936 940 2020 παντὸς
961 1935 1066 2022 ξύλου
1086 1943 1150 2008 τοῦ
1172 1945 1350 2027 καρπίμου,
1373 1933 1447 2010 ἀλλ’
1473 1941 1558 2028 είρη-

198 2047 231 2100 15
247 2065 306 2109 κεν
331 2033 513 2109 »ύποκάτω
535 2037 668 2120 παντὸς
682 2037 787 2122 ξύλου
802 2035 1006 2120 ἀλσαόδουςι.
1043 2035 1097 2108 διὰ
1112 2043 1219 2109 τοῦτο
1235 2034 1366 2127 νοήσεις
1381 2044 1416 2108 τί
1430 2034 1559 2126 δήποτε

249 2132 268 2208 δ
290 2143 483 2226 νομοθέτης
506 2142 605 2223 λέγει·
641 2132 700 2207 »σύ
722 2135 897 2225 φυτεύσεις
916 2143 987 2210 πᾶν
1009 2135 1112 2224 ξύλον
1134 2137 1228 2227 παρὰ
1250 2136 1291 2209 τό
1313 2135 1559 2226 θυσιαστήριον

247 2243 365 2324 κυρίου
386 2241 450 2308 τοῦ
470 2242 556 2308 θεοῦ
576 2258 647 2322 σου,
669 2242 724 2306 καὶ
745 2232 788 2308 ού
808 2233 959 2326 ποιήσεις
981 2235 1112 2319 ἀλσοςι.
1147 2239 1229 2324 ἔχεις
1244 2235 1306 2326 γάρ
1320 2243 1378 2308 καί
1393 2234 1433 2307 τὸ
1450 2228 1557 2326 ὄνομα

248 2341 312 2408 τοῦ
333 2335 458 2420 ἄλσους
481 2333 766 2426 ἀπηγορευμένον.

331 2447 358 2507 5.
383 2442 469 2507 »Καὶ
486 2431 689 2525 ἐπόρνευσεν
703 2441 776 2508 ἐκεί.
811 2440 867 2506 καὶ
883 2436 960 2508 είπα
974 2434 1058 2526 μετὰ
1073 2435 1115 2509 τό
1129 2441 1313 2524 πορνεῦσαι
1327 2430 1435 2524 αύτήν
1450 2441 1560 2505 ταῦτα

197 2541 231 2597 ‘20
248 2532 376 2608 πάντα·
397 2531 484 2624 πρός
504 2564 545 2624 με
567 2532 793 2625 ἀνάστρεφον·
815 2543 872 2607 καί
893 2530 955 2606 οῦκ
975 2531 1189 2625 ἀνέστρεφεν,
1211 2542 1268 2606 καί
1283 2535 1370 2606 είδεν
1386 2532 1451 2623 τήν
1463 2530 1559 2605 ἀσυν-

248 2643 367 2706 θεσίαν
390 2631 495 2724 αύτῆς
516 2630 536 2724 ἡ
560 2632 749 2719 ἀσύνθετος
762 2630 902 2707 Ἰούδαι.
937 2633 1205 2725 λελοιδορήμεθα
1226 2641 1283 2707 καὶ
1304 2631 1407 2724 ἡμεῖς,
1422 2639 1510 2722 λέγω
1527 2636 1560 2706 οί

249 2729 503 2824 ἀμαρτάνοντες
524 2741 580 2806 καί
601 2734 646 2825 μή
669 2740 855 2824 τηροῦντες
876 2733 939 2818 τὰς
958 2732 1131 2825 συνθήκας
1146 2740 1209 2806 τοῦ
1223 2739 1309 2807 θεοῦ
1321 2739 1404 2825 μηδέ
1418 2739 1560 2817 βλέπον-

249 2861 304 2916 τες
326 2827 381 2905 ότι
402 2830 660 2906 ἀπολωλέκασιν
679 2839 801 2906 ἐκεῖνοι
815 2834 883 2924 τήν
895 2832 1065 2925 διαθήκην
1080 2831 1222 2924 εύγενεῑς
1238 2827 1346 2917 ὄντες,
1369 2836 1405 2919 ἐξ
1417 2828 1559 2921 Ἀβραάμ

250 2924 357 3016 ὄντες,
380 2937 581 3023 ἐπαγγελίαν
603 2929 775 3020 λαβόντες.
811 2939 889 3020 δέον
912 2925 974 3005 οῦν
988 2930 1074 3024 ἡμᾶς
1089 2941 1292 3021 λογίζεσθαι,
1316 2926 1371 3004 ὅτι
1385 2930 1560 3004 ἐκπεπτώ-

198 3039 231 3095 25
248 3054 347 3103 κασιν
373 3037 495 3105 ἐκείνοι
522 3040 595 3106 τῶν
623 3031 789 3123 εύλογιῶν
813 3040 870 3105 καί
897 3041 971 3106 τῶν
998 3037 1209 3123 ἐπαγγελιῶν
1228 3039 1284 3103 καὶ
1307 3027 1406 3105 οῦδὲν
1428 3028 1559 3120 ὤνησεν

248 3127 373 3214 αύτούς
395 3132 436 3205 τό
456 3133 544 3205 εἶναι
566 3131 634 3206 ἀπό
656 3142 731 3206 τῶν
750 3138 922 3223 πατέρων,
943 3129 1041 3223 πόσῳ
1063 3140 1172 3206 πλέον
1194 3128 1285 3223 ἡμεῖς
1305 3127 1560 3221 ἀμαρτάνοντες

249 3229 639 3323 ἐγκαταλειφθησόμεθα.
674 3237 720 3304 »εί
739 3224 802 3323 ήτε
820 3239 923 3306 τέκνα
937 3239 1001 3305 τοῦ
1014 3229 1166 3323 Ἀβραάμ,
1188 3231 1233 3304 τά
1247 3234 1326 3320 ἔργα
1341 3237 1405 3304 τοῦ
1418 3227 1560 3320 Ἀβραάμ

249 3327 292 3401 ἀν
318 3333 479 3403 ἐποιεῖτε(
509 3339 598 3421 λέγει
625 3327 741 3416 αύτοῑς
763 3328 782 3405 ό
804 3330 928 3423 σωτήρ.
962 3338 1019 3405 καὶ
1040 3329 1145 3404 πόλιν
1168 3327 1188 3404 ό
1209 3327 1386 3420 Ἰωάννης·
1419 3330 1481 3422 »μή
1504 3329 1560 3420 ἀρ-

250 3441 353 3520 ξησθε
379 3437 488 3520 λέγειν
509 3435 547 3502 ἐν
569 3433 714 3517 ἑαυτοῖς,
746 3425 801 3504 ότι
821 3437 953 3522 πατέρα
974 3434 1093 3522 ἔχομεν
1114 3431 1178 3506 τὸν
1198 3425 1355 3522 Ἀβραάμ·
1386 3436 1475 3520 λέγω
1496 3428 1560 3520 γὰρ

198 3537 232 3592 30
249 3525 327 3619 ύμῖν
357 3523 412 3603 ότι
440 3528 581 3603 δύναται
607 3526 627 3603 ό
653 3532 736 3616 θεός
761 3537 799 3604 ἐκ
825 3540 899 3604 τῶν
925 3536 1039 3604 λίθων
1065 3530 1202 3604 τούτων
1229 3536 1353 3621 ἐγείραι
1378 3537 1482 3602 τέκνα
1508 3536 1560 3620 τῷ

249 3623 422 3719 Ἅβραάμι·
453 3638 574 3715 λίθους
600 3626 831 3721 αἰνισσόμενος
851 3627 937 3722 ήμᾶς
959 3631 1040 3715 τούς
1060 3637 1214 3722 »λιθίνην
1236 3633 1376 3720 ἔχοντας
1397 3629 1462 3720 τήν
1483 3657 1562 3718 καρ-

333 3817 349 3872 1
367 3815 598 3880 Luk.18,11.12.
616 3848 648 3856 -
667 3818 687 3875 4
703 3816 767 3888 vgl.
786 3817 885 3873 Jorom.
897 3818 939 3884 31,
951 3818 985 3874 29
1002 3817 1066 3873 Luc.
1085 3849 1117 3858 -
1136 3819 1171 3874 1⁶
1188 3818 1269 3873 Dent
1281 3819 1322 3885 16,
1335 3818 1377 3872 21.
1390 3846 1424 3856 -
1436 3816 1473 3873 11
1494 3816 1559 3886 vgl.

250 3899 328 3954 θεαί.
347 3901 388 3965 12,
407 3901 444 3956 3?
465 3932 499 3941 —
522 3900 559 3957 21
579 3901 641 3957 Joh.
659 3904 684 3968 8,
696 3901 738 3957 39.
756 3931 789 3940 -—
806 3901 845 3957 28
863 3901 932 3956 Luk.
950 3902 976 3965 3,
994 3903 1018 3958 8.
1037 3933 1070 3941 -
1085 3902 1164 3959 tur.
1181 3901 1247 3972 ng
1264 3901 1294 3956 in
1311 3901 1373 3956 Joh.
1391 3901 1467 3956 Tom.
1485 3903 1509 3964 6,
1527 3901 1561 3954 22

250 3985 328 4054 (1311,
341 3985 400 4048 138,
413 3986 502 4056 10ff.)2
520 3989 568 4042 καὶ
585 3984 651 4052 τοὺς
668 3983 714 4042 διὰ
731 3987 782 4054 τὴν
799 3985 910 4056 λιθίνην
927 3987 1046 4058 καρδίαν
1069 3983 1204 4051 ἀπίστους
1220 3987 1319 4052 λίθους
1331 3982 1562 4053 ὀνομαζομένους

249 4067 459 4210 ἒννύηιιειθθεοῦ
478 4075 651 4144 μεταβαλεῖν
674 4065 752 4135 δέους
775 4088 806 4126 τε
829 4064 902 4126 εἶναι
925 4067 983 4126 ἀπὸ
1005 4072 1095 4126 λίθων
1119 4067 1159 4136 εἰς
1180 4068 1265 4127 τέκνα
1289 4063 1421 4143 Ἀβραάμ.
1444 4100 1477 4109 -
1495 4068 1562 4139 Vgl.

274 4171 320 4209 τευ
359 4157 376 4210 3
394 4156 455 4222 ,26.

335 4304 426 4361 3-11
446 4305 546 4362 Ηὶειευ
558 4305 697 4377 θτεςιυβ
713 4306 743 4360 in
755 4307 788 4362 (λι
803 4298 996 4372 Ἐπί-ἄλσος
1010 4307 1015 4374 Ι
1029 4305 1075 4373 415
1093 4299 1455 4377 φεκτῶς-ύπερηφανίαν]
1472 4307 1499 4358 εί
1514 4305 1559 4357 in·

249 4389 411 4456 flammatus
427 4391 589 4458 οπεοςαιιίια
608 4391 665 4445 ista
678 4390 877 4460 μναιειιπιαίΗ
892 4392 896 4459 Ι
913 4390 1001 4458 11118
1020 4383 1379 4462 ἔχεις-ἀπηγορευμένον]
1391 4389 1560 4442 nominatim

250 4475 349 4543 quippe
370 4475 547 4529 ιἰιίιτιίίοάιιν
567 4493 601 4530 οε
627 4477 706 4530 ίιιαυε
728 4477 869 4545 plantetur
893 4477 927 4530 ιἰι
952 4475 1060 4544 tempto,
1087 4475 1115 4528 εέ
1140 4474 1321 4530 obser-vam
1346 4489 1431 4542 quare
1455 4473 1561 4528 διὀίειοι

250 4559 288 4612 stt
305 4559 332 4613 Η
349 4588 382 4599 -
399 4559 542 4616 υἱεΠεὶολιί
557 4561 595 4615 ist
612 4561 656 4615 oin
674 4557 702 4617 εί
717 4560 855 4630 νενόηκας
872 4557 915 4615 διὰ
928 4560 956 4614 τί
968 4555 1076 4631 εἴρηται
1087 4559 1129 4613 als
1141 4558 1254 4629 Δείσας
1265 4557 1291 4614 δ.
1305 4559 1320 4626 ἕ
1334 4561 1350 4613 5
1362 4557 1535 4628 ευεςελαθευ
1556 4558 1560 4625 Ι

250 4642 358 4699 24-21
375 4641 818 4716 δέον-ἐγκαταλειφθησόμεθα]
837 4654 870 4705 <
881 4644 981 4712 11128
999 4643 1119 4698 έοοιυιεε
1135 4643 1265 4712 Baptista
1281 4641 1316 4698 Η.
