<?xml version="1.0" encoding="UTF-8"?>
<!DOCTYPE html PUBLIC "-//W3C//DTD XHTML 1.0 Transitional//EN"
    "http://www.w3.org/TR/xhtml1/DTD/xhtml1-transitional.dtd">
<html xmlns="http://www.w3.org/1999/xhtml" xml:lang="en" lang="en">
 <head>
  <title>
</title>
<meta http-equiv="Content-Type" content="text/html;charset=utf-8" />
  <meta name='ocr-system' content='tesseract 3.04.00' />
  <meta name='ocr-capabilities' content='ocr_page ocr_carea ocr_par ocr_line ocrx_word'/>
</head>
<body>
  <div class='ocr_page' id='page_1' title='image "./diegriechischen01unkngoog/diegriechischen01unkngoog_0267.png"; bbox 0 0 3694 5542; ppageno 0'>
   <div class='ocr_carea' id='block_1_1' title="bbox 311 472 1202 546">
    <p class='ocr_par' dir='ltr' id='par_1_1' title="bbox 311 472 1202 546">
     <span class='ocr_line' id='line_1_1' title="bbox 311 472 1202 546; baseline -0.008 -10"><span class='ocrx_word' id='word_1_1' title='bbox 311 481 372 546; x_wconf 77' lang='grc'><strong><em>206</em></strong></span> <span class='ocrx_word' id='word_1_2' title='bbox 760 472 900 544; x_wconf 77' lang='lat' dir='ltr'>Origenen&#39;</span> <span class='ocrx_word' id='word_1_3' title='bbox 917 474 1202 530; x_wconf 77' lang='grc' dir='ltr'><strong><em>λετεαιίοίιοιαίΙίειι.Ι</em></strong></span> 
     </span>
    </p>
   </div>
   <div class='ocr_carea' id='block_1_2' title="bbox 262 632 1622 1624">
    <p class='ocr_par' dir='ltr' id='par_1_2' title="bbox 262 632 1622 1624">
     <span class='ocr_line' id='line_1_2' title="bbox 312 632 1621 736; baseline 0.003 -28"><span class='ocrx_word' id='word_1_4' title='bbox 312 632 433 719; x_wconf 77' lang='grc' dir='ltr'><strong><em>ἅπλῶς</em></strong></span> <span class='ocrx_word' id='word_1_5' title='bbox 454 633 528 708; x_wconf 77' lang='grc' dir='ltr'><strong><em>ἀλλ’</em></strong></span> <span class='ocrx_word' id='word_1_6' title='bbox 553 633 671 719; x_wconf 75' lang='grc' dir='ltr'><strong><em>ίως”</em></strong></span> <span class='ocrx_word' id='word_1_7' title='bbox 653 665 700 707; x_wconf 90' lang='grc' dir='ltr'><strong><em>αν</em></strong></span> <span class='ocrx_word' id='word_1_8' title='bbox 721 633 870 726; x_wconf 88' lang='grc' dir='ltr'><strong><em>ποιήσῃ</em></strong></span> <span class='ocrx_word' id='word_1_9' title='bbox 894 633 1007 721; x_wconf 78' lang='grc' dir='ltr'><strong><em>αὐτό</em></strong></span> <span class='ocrx_word' id='word_1_10' title='bbox 1030 634 1079 719; x_wconf 77' lang='grc' dir='ltr'><strong><em>αίς</em></strong></span> <span class='ocrx_word' id='word_1_11' title='bbox 1094 633 1376 736; x_wconf 78' lang='grc' dir='ltr'><strong><em>ἀποστρέφοντες</em></strong></span> <span class='ocrx_word' id='word_1_12' title='bbox 1390 640 1475 712; x_wconf 84' lang='grc' dir='ltr'><strong><em>ἐπάν</em></strong></span> <span class='ocrx_word' id='word_1_13' title='bbox 1490 638 1621 730; x_wconf 87' lang='grc' dir='ltr'><strong><em>ποιήσῃ.</em></strong></span> 
     </span>
     <span class='ocr_line' id='line_1_3' title="bbox 312 730 1620 908; baseline 0.003 -101"><span class='ocrx_word' id='word_1_14' title='bbox 312 730 394 808; x_wconf 82' lang='lat'><strong><em>666</em></strong></span> <span class='ocrx_word' id='word_1_15' title='bbox 419 735 655 824; x_wconf 86' lang='grc' dir='ltr'><strong><em>μήπεποίηκε</em></strong></span> <span class='ocrx_word' id='word_1_16' title='bbox 679 732 795 824; x_wconf 73' lang='grc' dir='ltr'><strong><em>&gt;λόγος</em></strong></span> <span class='ocrx_word' id='word_1_17' title='bbox 821 744 964 826; x_wconf 71' lang='grc' dir='ltr'><strong><em>κυρίου,</em></strong></span> <span class='ocrx_word' id='word_1_18' title='bbox 970 735 1115 908; x_wconf 69' lang='grc' dir='ltr'><strong><em>ἐίλυμὸς</em></strong></span> <span class='ocrx_word' id='word_1_19' title='bbox 1141 743 1282 825; x_wconf 90' lang='grc' dir='ltr'><strong><em>κυρίου</em></strong></span> <span class='ocrx_word' id='word_1_20' title='bbox 1298 757 1396 810; x_wconf 82' lang='grc' dir='ltr'><strong><em>ποιεῖ</em></strong></span> <span class='ocrx_word' id='word_1_21' title='bbox 1439 748 1474 811; x_wconf 89' lang='grc' dir='ltr'><strong><em>τί</em></strong></span> <span class='ocrx_word' id='word_1_22' title='bbox 1494 746 1530 812; x_wconf 82' lang='grc' dir='ltr'><strong><em>δὲ</em></strong></span> <span class='ocrx_word' id='word_1_23' title='bbox 1552 751 1620 812; x_wconf 75' lang='grc' dir='ltr'><strong><em>θυ-</em></strong></span> 
     </span>
     <span class='ocr_line' id='line_1_4' title="bbox 312 833 1622 930; baseline 0.006 -25"><span class='ocrx_word' id='word_1_24' title='bbox 312 833 384 924; x_wconf 87' lang='grc' dir='ltr'><strong><em>μός</em></strong></span> <span class='ocrx_word' id='word_1_25' title='bbox 418 843 561 924; x_wconf 78' lang='grc' dir='ltr'><strong><em>κυρίου</em></strong></span> <span class='ocrx_word' id='word_1_26' title='bbox 590 855 693 918; x_wconf 80' lang='grc' dir='ltr'><strong><em>ποιεί,</em></strong></span> <span class='ocrx_word' id='word_1_27' title='bbox 726 841 814 923; x_wconf 74' lang='grc' dir='ltr'><strong><em>λέγει</em></strong></span> <span class='ocrx_word' id='word_1_28' title='bbox 840 841 1008 920; x_wconf 75' lang='grc' dir='ltr'><strong><em>Δαβίόίν</em></strong></span> <span class='ocrx_word' id='word_1_29' title='bbox 988 844 1090 926; x_wconf 82' lang='grc' dir='ltr'><strong><em>ντῷ</em></strong></span> <span class='ocrx_word' id='word_1_30' title='bbox 1125 835 1243 924; x_wconf 83' lang='grc' dir='ltr'><strong><em>ικόριε,</em></strong></span> <span class='ocrx_word' id='word_1_31' title='bbox 1271 835 1316 927; x_wconf 88' lang='grc' dir='ltr'><strong><em>μή</em></strong></span> <span class='ocrx_word' id='word_1_32' title='bbox 1348 845 1398 927; x_wconf 83' lang='grc' dir='ltr'><strong><em>τῷ</em></strong></span> <span class='ocrx_word' id='word_1_33' title='bbox 1430 847 1529 930; x_wconf 76' lang='grc' dir='ltr'><strong><em>θυμῷ</em></strong></span> <span class='ocrx_word' id='word_1_34' title='bbox 1560 865 1622 913; x_wconf 92' lang='grc' dir='ltr'><strong><em>σου</em></strong></span> 
     </span>
     <span class='ocr_line' id='line_1_5' title="bbox 311 928 1619 1028; baseline 0.005 -24.084"><span class='ocrx_word' id='word_1_35' title='bbox 311 937 446 1023; x_wconf 73' lang='grc' dir='ltr'><strong><em>ἐλέγξῃς</em></strong></span> <span class='ocrx_word' id='word_1_36' title='bbox 475 963 544 1024; x_wconf 87' lang='grc' dir='ltr'><strong><em>μει.</em></strong></span> <span class='ocrx_word' id='word_1_37' title='bbox 586 932 713 1008; x_wconf 78' lang='grc' dir='ltr'><strong><em>οὐκοῦν</em></strong></span> <span class='ocrx_word' id='word_1_38' title='bbox 746 939 893 1025; x_wconf 77' lang='grc' dir='ltr'><em>ἐλέγχων</em></span> <span class='ocrx_word' id='word_1_39' title='bbox 922 933 964 1008; x_wconf 83' lang='lat'><strong><em>66</em></strong></span> <span class='ocrx_word' id='word_1_40' title='bbox 989 934 1147 1021; x_wconf 84' lang='grc' dir='ltr'><strong><em>παύεται,</em></strong></span> <span class='ocrx_word' id='word_1_41' title='bbox 1180 937 1253 1019; x_wconf 75' lang='grc' dir='ltr'><strong><em>ἕως</em></strong></span> <span class='ocrx_word' id='word_1_42' title='bbox 1283 928 1328 1007; x_wconf 86' lang='grc' dir='ltr'><strong><em>οὗ</em></strong></span> <span class='ocrx_word' id='word_1_43' title='bbox 1346 936 1506 1028; x_wconf 80' lang='grc' dir='ltr'><em>ποιήσῃ</em></span> <span class='ocrx_word' id='word_1_44' title='bbox 1536 933 1618 1010; x_wconf 75' lang='grc' dir='ltr'><strong><em>δι’“</em></strong></span> <span class='ocrx_word' id='word_1_45' title='bbox 1601 969 1619 1010; x_wconf 91' lang='grc' dir='ltr'><strong><em>ο</em></strong></span> 
     </span>
     <span class='ocr_line' id='line_1_6' title="bbox 278 1029 1620 1158; baseline 0.004 -52.13"><span class='ocrx_word' id='word_1_46' title='bbox 278 1039 450 1122; x_wconf 78' lang='grc' dir='ltr'><strong><em>δέλίγχει,</em></strong></span> <span class='ocrx_word' id='word_1_47' title='bbox 487 1064 536 1118; x_wconf 91' lang='grc' dir='ltr'><strong><em>ως</em></strong></span> <span class='ocrx_word' id='word_1_48' title='bbox 571 1031 649 1106; x_wconf 79' lang='grc' dir='ltr'><strong><em>οὐδὲ</em></strong></span> <span class='ocrx_word' id='word_1_49' title='bbox 685 1030 705 1122; x_wconf 90' lang='grc' dir='ltr'><strong><em>ή</em></strong></span> <span class='ocrx_word' id='word_1_50' title='bbox 741 1029 824 1125; x_wconf 88' lang='grc' dir='ltr'><strong><em>όργή</em></strong></span> <span class='ocrx_word' id='word_1_51' title='bbox 858 1042 953 1126; x_wconf 81' lang='grc' dir='ltr'><strong><em>μέχρι</em></strong></span> <span class='ocrx_word' id='word_1_52' title='bbox 985 1044 1124 1118; x_wconf 77' lang='grc' dir='ltr'><strong><em>τελείως</em></strong></span> <span class='ocrx_word' id='word_1_53' title='bbox 1154 1033 1325 1122; x_wconf 79' lang='grc' dir='ltr'><strong><em>παιδεύσῃ.</em></strong></span> <span class='ocrx_word' id='word_1_54' title='bbox 1372 1033 1413 1158; x_wconf 66' lang='grc' dir='ltr'><strong><em>σή</em></strong></span> <span class='ocrx_word' id='word_1_55' title='bbox 1447 1034 1555 1125; x_wconf 89' lang='grc' dir='ltr'><strong><em>μόνον</em></strong></span> <span class='ocrx_word' id='word_1_56' title='bbox 1585 1044 1620 1110; x_wconf 80' lang='grc' dir='ltr'><strong><em>δὲ</em></strong></span> 
     </span>
     <span class='ocr_line' id='line_1_7' title="bbox 312 1130 1619 1264; baseline 0.004 -59"><span class='ocrx_word' id='word_1_57' title='bbox 312 1131 484 1224; x_wconf 86' lang='grc' dir='ltr'><strong><em>ποιήσει,</em></strong></span> <span class='ocrx_word' id='word_1_58' title='bbox 522 1130 609 1206; x_wconf 77' lang='grc' dir='ltr'><strong><em>ἀλλὰ</em></strong></span> <span class='ocrx_word' id='word_1_59' title='bbox 639 1141 694 1206; x_wconf 84' lang='grc' dir='ltr'><strong><em>καὶ</em></strong></span> <span class='ocrx_word' id='word_1_60' title='bbox 710 1132 878 1264; x_wconf 82' lang='grc' dir='ltr'><em>στήσει</em></span> <span class='ocrx_word' id='word_1_61' title='bbox 891 1144 948 1207; x_wconf 83' lang='grc' dir='ltr'><strong><em>καὶ</em></strong></span> <span class='ocrx_word' id='word_1_62' title='bbox 977 1135 1159 1223; x_wconf 82' lang='grc' dir='ltr'><strong><em>βεβαιώσει</em></strong></span> <span class='ocrx_word' id='word_1_63' title='bbox 1202 1133 1244 1206; x_wconf 87' lang='grc' dir='ltr'><strong><em>τό</em></strong></span> <span class='ocrx_word' id='word_1_64' title='bbox 1271 1131 1362 1205; x_wconf 81' lang='grc' dir='ltr'><strong><em>δὲ</em></strong></span> <span class='ocrx_word' id='word_1_65' title='bbox 1342 1136 1419 1208; x_wconf 84' lang='grc' dir='ltr'><strong><em>απὸ</em></strong></span> <span class='ocrx_word' id='word_1_66' title='bbox 1445 1136 1619 1228; x_wconf 76' lang='grc' dir='ltr'><strong><em>ἐγχειρή-</em></strong></span> 
     </span>
     <span class='ocr_line' id='line_1_8' title="bbox 310 1229 1620 1356; baseline 0.004 -51"><span class='ocrx_word' id='word_1_67' title='bbox 310 1262 436 1320; x_wconf 86' lang='grc' dir='ltr'><strong><em>ματος</em></strong></span> <span class='ocrx_word' id='word_1_68' title='bbox 470 1239 636 1324; x_wconf 84' lang='grc' dir='ltr'><strong><em>καρδίας</em></strong></span> <span class='ocrx_word' id='word_1_69' title='bbox 672 1230 796 1306; x_wconf 76' lang='grc' dir='ltr'><strong><em>αὐτοῦ</em></strong></span> <span class='ocrx_word' id='word_1_70' title='bbox 830 1239 976 1356; x_wconf 42' lang='grc' dir='ltr'><strong><em>,αἴνιγμα</em></strong></span> <span class='ocrx_word' id='word_1_71' title='bbox 1015 1229 1056 1306; x_wconf 85' lang='grc' dir='ltr'><strong><em>όν</em></strong></span> <span class='ocrx_word' id='word_1_72' title='bbox 1097 1229 1152 1306; x_wconf 80' lang='grc' dir='ltr'><strong><em>ἐπ’</em></strong></span> <span class='ocrx_word' id='word_1_73' title='bbox 1184 1232 1366 1323; x_wconf 79' lang='grc' dir='ltr'><strong><em>ἐσχάτου,</em></strong></span> <span class='ocrx_word' id='word_1_74' title='bbox 1404 1246 1499 1326; x_wconf 89' lang='grc' dir='ltr'><strong><em>φησί,</em></strong></span> <span class='ocrx_word' id='word_1_75' title='bbox 1532 1266 1620 1326; x_wconf 94' lang='grc' dir='ltr'><strong><em>νοη-</em></strong></span> 
     </span>
     <span class='ocr_line' id='line_1_9' title="bbox 310 1331 1619 1427; baseline 0.005 -25"><span class='ocrx_word' id='word_1_76' title='bbox 310 1331 496 1423; x_wconf 76' lang='grc' dir='ltr'><strong><em>θήσεται,</em></strong></span> <span class='ocrx_word' id='word_1_77' title='bbox 531 1334 658 1423; x_wconf 80' lang='grc' dir='ltr'><strong><em>δηλαδή</em></strong></span> <span class='ocrx_word' id='word_1_78' title='bbox 689 1340 766 1423; x_wconf 88' lang='grc' dir='ltr'><strong><em>περὶ</em></strong></span> <span class='ocrx_word' id='word_1_79' title='bbox 796 1342 869 1406; x_wconf 81' lang='grc' dir='ltr'><strong><em>τῶν</em></strong></span> <span class='ocrx_word' id='word_1_80' title='bbox 900 1339 1086 1423; x_wconf 73' lang='grc' dir='ltr'><strong><em>εἰρημένων</em></strong></span> <span class='ocrx_word' id='word_1_81' title='bbox 1116 1340 1193 1423; x_wconf 90' lang='grc' dir='ltr'><strong><em>περί</em></strong></span> <span class='ocrx_word' id='word_1_82' title='bbox 1223 1363 1258 1405; x_wconf 90' lang='grc' dir='ltr'><strong><em>τε</em></strong></span> <span class='ocrx_word' id='word_1_83' title='bbox 1289 1341 1403 1423; x_wconf 76' lang='grc' dir='ltr'><strong><em>θυμοῦ</em></strong></span> <span class='ocrx_word' id='word_1_84' title='bbox 1428 1333 1530 1406; x_wconf 80' lang='grc' dir='ltr'><strong><em>καί’</em></strong></span> <span class='ocrx_word' id='word_1_85' title='bbox 1511 1343 1619 1427; x_wconf 87' lang='grc' dir='ltr'><strong><em>οργής.</em></strong></span> 
     </span>
     <span class='ocr_line' id='line_1_10' title="bbox 309 1425 1619 1523; baseline 0.003 -19"><span class='ocrx_word' id='word_1_86' title='bbox 309 1431 404 1522; x_wconf 88' lang='grc' dir='ltr'><strong><em>χάρις</em></strong></span> <span class='ocrx_word' id='word_1_87' title='bbox 439 1425 501 1505; x_wconf 82' lang='grc' dir='ltr'><strong><em>οὖν</em></strong></span> <span class='ocrx_word' id='word_1_88' title='bbox 536 1439 588 1522; x_wconf 80' lang='grc' dir='ltr'><strong><em>τῷ</em></strong></span> <span class='ocrx_word' id='word_1_89' title='bbox 628 1430 706 1522; x_wconf 86' lang='grc' dir='ltr'><strong><em>ήμῑν</em></strong></span> <span class='ocrx_word' id='word_1_90' title='bbox 744 1428 1006 1520; x_wconf 84' lang='grc' dir='ltr'><strong><em>άποκαλόφαντι</em></strong></span> <span class='ocrx_word' id='word_1_91' title='bbox 1044 1432 1087 1504; x_wconf 84' lang='grc' dir='ltr'><strong><em>τὰ</em></strong></span> <span class='ocrx_word' id='word_1_92' title='bbox 1124 1438 1217 1520; x_wconf 77' lang='grc' dir='ltr'><strong><em>μέχρι</em></strong></span> <span class='ocrx_word' id='word_1_93' title='bbox 1256 1439 1319 1504; x_wconf 86' lang='grc' dir='ltr'><strong><em>τοῦ</em></strong></span> <span class='ocrx_word' id='word_1_94' title='bbox 1357 1433 1531 1523; x_wconf 82' lang='grc' dir='ltr'><strong><em>παρόντος</em></strong></span> <span class='ocrx_word' id='word_1_95' title='bbox 1567 1466 1619 1508; x_wconf 89' lang='grc' dir='ltr'><strong><em>κε·</em></strong></span> 
     </span>
     <span class='ocr_line' id='line_1_11' title="bbox 262 1539 489 1624; baseline 0.027 -28"><span class='ocrx_word' id='word_1_96' title='bbox 262 1543 294 1597; x_wconf 89' lang='grc'><strong><em>10</em></strong></span> <span class='ocrx_word' id='word_1_97' title='bbox 310 1539 489 1624; x_wconf 83' lang='grc' dir='ltr'><strong><em>κρυμμένα.</em></strong></span> 
     </span>
    </p>
   </div>
   <div class='ocr_carea' id='block_1_3' title="bbox 704 1701 1334 1778">
    <p class='ocr_par' dir='ltr' id='par_1_3' title="bbox 704 1701 1334 1778">
     <span class='ocr_line' id='line_1_12' title="bbox 704 1701 1334 1778; baseline -0.005 -9"><span class='ocrx_word' id='word_1_98' title='bbox 704 1702 760 1769; x_wconf 91' lang='lat' dir='ltr'><strong><em>Nr.</em></strong></span> <span class='ocrx_word' id='word_1_99' title='bbox 783 1701 882 1769; x_wconf 88' lang='lat' dir='ltr'>XVII.</span> <span class='ocrx_word' id='word_1_100' title='bbox 924 1703 1038 1770; x_wconf 83' lang='lat' dir='ltr'><strong>Jerem.</strong></span> <span class='ocrx_word' id='word_1_101' title='bbox 1053 1709 1101 1778; x_wconf 80' lang='lat'><strong><em>23,</em></strong></span> <span class='ocrx_word' id='word_1_102' title='bbox 1117 1709 1164 1772; x_wconf 77' lang='lat'><strong><em>23.</em></strong></span> <span class='ocrx_word' id='word_1_103' title='bbox 1180 1709 1228 1770; x_wconf 76' lang='lat'><strong><em>24.</em></strong></span> <span class='ocrx_word' id='word_1_104' title='bbox 1330 1759 1334 1766; x_wconf 93' lang='lat'>.</span> 
     </span>
    </p>
   </div>
   <div class='ocr_carea' id='block_1_4' title="bbox 261 1860 1693 3140">
    <p class='ocr_par' dir='ltr' id='par_1_4' title="bbox 312 1860 1619 2156">
     <span class='ocr_line' id='line_1_13' title="bbox 395 1860 1619 1956; baseline -0.002 -16"><span class='ocrx_word' id='word_1_105' title='bbox 395 1873 459 1956; x_wconf 78' lang='lat'>(92)</span> <span class='ocrx_word' id='word_1_106' title='bbox 486 1865 546 1938; x_wconf 83' lang='grc' dir='ltr'><strong><em>Διό</em></strong></span> <span class='ocrx_word' id='word_1_107' title='bbox 569 1871 674 1937; x_wconf 86' lang='grc' dir='ltr'><strong><em>τοῦτο</em></strong></span> <span class='ocrx_word' id='word_1_108' title='bbox 697 1862 758 1936; x_wconf 75' lang='grc' dir='ltr'><strong><em>οὐκ</em></strong></span> <span class='ocrx_word' id='word_1_109' title='bbox 780 1860 909 1935; x_wconf 77' lang='grc' dir='ltr'><strong><em>ἔλαθόν</em></strong></span> <span class='ocrx_word' id='word_1_110' title='bbox 930 1893 970 1952; x_wconf 90' lang='grc' dir='ltr'><strong><em>με</em></strong></span> <span class='ocrx_word' id='word_1_111' title='bbox 991 1871 1037 1948; x_wconf 88' lang='grc' dir='ltr'><strong><em>είς</em></strong></span> <span class='ocrx_word' id='word_1_112' title='bbox 1057 1872 1227 1952; x_wconf 74' lang='grc' dir='ltr'><strong><em>πονηρίαν</em></strong></span> <span class='ocrx_word' id='word_1_113' title='bbox 1249 1865 1312 1936; x_wconf 87' lang='grc' dir='ltr'><strong><em>τὸν</em></strong></span> <span class='ocrx_word' id='word_1_114' title='bbox 1326 1863 1419 1937; x_wconf 64' lang='grc' dir='ltr'><strong><em>,λαόν</em></strong></span> <span class='ocrx_word' id='word_1_115' title='bbox 1439 1894 1506 1956; x_wconf 88' lang='grc' dir='ltr'><strong><em>μου</em></strong></span> <span class='ocrx_word' id='word_1_116' title='bbox 1527 1864 1619 1956; x_wconf 71' lang='lat'>‹666-</span> 
     </span>
     <span class='ocr_line' id='line_1_14' title="bbox 312 1961 1618 2057; baseline 0.001 -19"><span class='ocrx_word' id='word_1_117' title='bbox 312 1989 439 2049; x_wconf 90' lang='grc' dir='ltr'><strong><em>σαντες.</em></strong></span> <span class='ocrx_word' id='word_1_118' title='bbox 483 1961 502 2035; x_wconf 91' lang='lat'><strong><em>6</em></strong></span> <span class='ocrx_word' id='word_1_119' title='bbox 535 1964 598 2054; x_wconf 81' lang='grc' dir='ltr'><strong><em>γὰρ</em></strong></span> <span class='ocrx_word' id='word_1_120' title='bbox 628 1971 684 2036; x_wconf 80' lang='grc' dir='ltr'><strong><em>καὶ</em></strong></span> <span class='ocrx_word' id='word_1_121' title='bbox 714 1961 876 2052; x_wconf 90' lang='grc' dir='ltr'><strong><em>προφήτῃ</em></strong></span> <span class='ocrx_word' id='word_1_122' title='bbox 908 1963 1019 2046; x_wconf 79' lang='grc' dir='ltr'><strong><em>διδοὺς</em></strong></span> <span class='ocrx_word' id='word_1_123' title='bbox 1050 1967 1171 2034; x_wconf 80' lang='grc' dir='ltr'><strong><em>είδίναι</em></strong></span> <span class='ocrx_word' id='word_1_124' title='bbox 1201 1964 1246 2036; x_wconf 83' lang='grc' dir='ltr'><strong><em>τά</em></strong></span> <span class='ocrx_word' id='word_1_125' title='bbox 1275 1971 1465 2054; x_wconf 82' lang='grc' dir='ltr'><strong><em>πανταχοῦ,</em></strong></span> <span class='ocrx_word' id='word_1_126' title='bbox 1496 1973 1618 2057; x_wconf 82' lang='grc' dir='ltr'><strong><em>πολλῷ</em></strong></span> 
     </span>
     <span class='ocr_line' id='line_1_15' title="bbox 312 2060 1619 2250; baseline -0.001 -113"><span class='ocrx_word' id='word_1_127' title='bbox 312 2073 442 2156; x_wconf 86' lang='grc' dir='ltr'><strong><em>μᾶλλον</em></strong></span> <span class='ocrx_word' id='word_1_128' title='bbox 469 2065 560 2136; x_wconf 80' lang='grc' dir='ltr'><strong><em>οἶδεν</em></strong></span> <span class='ocrx_word' id='word_1_129' title='bbox 587 2060 699 2148; x_wconf 80' lang='grc' dir='ltr'><strong><em>αότός.</em></strong></span> <span class='ocrx_word' id='word_1_130' title='bbox 743 2071 909 2250; x_wconf 57' lang='lat'>›6116666‹</span> <span class='ocrx_word' id='word_1_131' title='bbox 939 2063 1003 2152; x_wconf 84' lang='grc' dir='ltr'><strong><em>γὰρ</em></strong></span> <span class='ocrx_word' id='word_1_132' title='bbox 1034 2069 1169 2150; x_wconf 76' lang='grc' dir='ltr'><strong><em>»κυρίου</em></strong></span> <span class='ocrx_word' id='word_1_133' title='bbox 1194 2062 1398 2153; x_wconf 82' lang='grc' dir='ltr'><strong><em>πεπλήρωκε</em></strong></span> <span class='ocrx_word' id='word_1_134' title='bbox 1425 2064 1491 2155; x_wconf 88' lang='grc' dir='ltr'><strong><em>τήν</em></strong></span> <span class='ocrx_word' id='word_1_135' title='bbox 1513 2071 1619 2137; x_wconf 81' lang='grc' dir='ltr'><strong><em>οἰκου-</em></strong></span> 
     </span>
    </p>

    <p class='ocr_par' dir='ltr' id='par_1_5' title="bbox 262 2159 1693 2652">
     <span class='ocr_line' id='line_1_16' title="bbox 262 2159 1693 2286; baseline -0.001 -51"><span class='ocrx_word' id='word_1_136' title='bbox 262 2183 295 2237; x_wconf 81' lang='lat'><strong><em>15</em></strong></span> <span class='ocrx_word' id='word_1_137' title='bbox 311 2172 449 2255; x_wconf 73' lang='grc' dir='ltr'><strong><em>μίνηνι·</em></strong></span> <span class='ocrx_word' id='word_1_138' title='bbox 472 2171 528 2235; x_wconf 84' lang='grc' dir='ltr'><strong><em>καὶ</em></strong></span> <span class='ocrx_word' id='word_1_139' title='bbox 558 2167 612 2234; x_wconf 83' lang='grc' dir='ltr'><strong><em>ἐν</em></strong></span> <span class='ocrx_word' id='word_1_140' title='bbox 633 2159 727 2252; x_wconf 77' lang='grc' dir='ltr'><strong><em>αὐτῷ</em></strong></span> <span class='ocrx_word' id='word_1_141' title='bbox 750 2169 861 2253; x_wconf 77' lang='grc' dir='ltr'><strong><em>ζῶμεν</em></strong></span> <span class='ocrx_word' id='word_1_142' title='bbox 881 2169 936 2234; x_wconf 86' lang='grc' dir='ltr'><strong><em>καί</em></strong></span> <span class='ocrx_word' id='word_1_143' title='bbox 957 2167 967 2252; x_wconf 91' lang='grc' dir='ltr'><strong><em>ΙΙ</em></strong></span> <span class='ocrx_word' id='word_1_144' title='bbox 988 2160 1172 2251; x_wconf 82' lang='grc' dir='ltr'><strong><em>κινούμεθα</em></strong></span> <span class='ocrx_word' id='word_1_145' title='bbox 1192 2170 1248 2232; x_wconf 87' lang='grc' dir='ltr'><strong><em>καὶ</em></strong></span> <span class='ocrx_word' id='word_1_146' title='bbox 1269 2163 1449 2250; x_wconf 70' lang='grc' dir='ltr'><strong><em>ὲσμένι,“</em></strong></span> <span class='ocrx_word' id='word_1_147' title='bbox 1420 2195 1468 2249; x_wconf 92' lang='grc' dir='ltr'><strong><em>ως</em></strong></span> <span class='ocrx_word' id='word_1_148' title='bbox 1491 2161 1510 2286; x_wconf 81' lang='lat'><strong><em>6</em></strong></span> <span class='ocrx_word' id='word_1_149' title='bbox 1535 2173 1618 2237; x_wconf 86' lang='grc' dir='ltr'><strong><em>Παῦ-</em></strong></span> <span class='ocrx_word' id='word_1_150' title='bbox 1640 2179 1693 2233; x_wconf 80' lang='lat'><strong><em>302</em></strong></span> 
     </span>
     <span class='ocr_line' id='line_1_17' title="bbox 313 2257 1616 2382; baseline -0.001 -47"><span class='ocrx_word' id='word_1_151' title='bbox 313 2275 372 2346; x_wconf 86' lang='grc' dir='ltr'><strong><em>λος</em></strong></span> <span class='ocrx_word' id='word_1_152' title='bbox 393 2262 480 2382; x_wconf 72' lang='grc' dir='ltr'><strong><em>πρός</em></strong></span> <span class='ocrx_word' id='word_1_153' title='bbox 494 2265 732 2352; x_wconf 78' lang='grc' dir='ltr'><strong><em>Ἀθηναίους”</em></strong></span> <span class='ocrx_word' id='word_1_154' title='bbox 717 2289 790 2350; x_wconf 88' lang='grc' dir='ltr'><strong><em>εφη.</em></strong></span> <span class='ocrx_word' id='word_1_155' title='bbox 831 2267 993 2334; x_wconf 84' lang='grc' dir='ltr'><strong><em>τοιοῦτον</em></strong></span> <span class='ocrx_word' id='word_1_156' title='bbox 1014 2272 1070 2332; x_wconf 78' lang='grc' dir='ltr'><strong><em>καὶ</em></strong></span> <span class='ocrx_word' id='word_1_157' title='bbox 1092 2261 1133 2332; x_wconf 89' lang='grc' dir='ltr'><strong><em>τό</em></strong></span> <span class='ocrx_word' id='word_1_158' title='bbox 1155 2257 1240 2350; x_wconf 79' lang='grc' dir='ltr'><strong><em>οήχὶ</em></strong></span> <span class='ocrx_word' id='word_1_159' title='bbox 1263 2260 1336 2334; x_wconf 88' lang='grc' dir='ltr'><strong><em>τόν</em></strong></span> <span class='ocrx_word' id='word_1_160' title='bbox 1358 2260 1532 2360; x_wconf 73' lang='grc' dir='ltr'><strong><em>οὐρανόν</em></strong></span> <span class='ocrx_word' id='word_1_161' title='bbox 1553 2273 1616 2336; x_wconf 83' lang='grc' dir='ltr'><strong><em>καὶ</em></strong></span> 
     </span>
     <span class='ocr_line' id='line_1_18' title="bbox 312 2359 1618 2453; baseline 0.002 -19"><span class='ocrx_word' id='word_1_162' title='bbox 312 2363 386 2453; x_wconf 87' lang='grc' dir='ltr'><strong><em>τήν</em></strong></span> <span class='ocrx_word' id='word_1_163' title='bbox 416 2368 490 2452; x_wconf 83' lang='grc' dir='ltr'><strong><em>γῆν</em></strong></span> <span class='ocrx_word' id='word_1_164' title='bbox 519 2365 595 2453; x_wconf 75' lang='grc' dir='ltr'><strong><em>ἐγώ</em></strong></span> <span class='ocrx_word' id='word_1_165' title='bbox 622 2369 776 2451; x_wconf 83' lang='grc' dir='ltr'><strong><em>πληρῶ,</em></strong></span> <span class='ocrx_word' id='word_1_166' title='bbox 804 2368 908 2450; x_wconf 81' lang='grc' dir='ltr'><strong><em>λέγει</em></strong></span> <span class='ocrx_word' id='word_1_167' title='bbox 933 2359 1085 2450; x_wconf 86' lang='grc' dir='ltr'><strong><em>κόριος,·</em></strong></span> <span class='ocrx_word' id='word_1_168' title='bbox 1116 2368 1159 2448; x_wconf 81' lang='grc' dir='ltr'><strong><em>τῇ</em></strong></span> <span class='ocrx_word' id='word_1_169' title='bbox 1185 2359 1324 2451; x_wconf 84' lang='grc' dir='ltr'><strong><em>δυναμει</em></strong></span> <span class='ocrx_word' id='word_1_170' title='bbox 1346 2390 1408 2451; x_wconf 89' lang='grc' dir='ltr'><strong><em>γαρ</em></strong></span> <span class='ocrx_word' id='word_1_171' title='bbox 1430 2392 1538 2437; x_wconf 86' lang='grc' dir='ltr'><strong><em>αυτου</em></strong></span> <span class='ocrx_word' id='word_1_172' title='bbox 1557 2394 1618 2436; x_wconf 94' lang='grc' dir='ltr'><strong><em>πα</em></strong></span> 
     </span>
     <span class='ocr_line' id='line_1_19' title="bbox 313 2455 1617 2560; baseline -0.001 -25"><span class='ocrx_word' id='word_1_173' title='bbox 313 2489 366 2536; x_wconf 91' lang='grc' dir='ltr'><strong><em>σιν</em></strong></span> <span class='ocrx_word' id='word_1_174' title='bbox 392 2467 547 2560; x_wconf 75' lang='grc' dir='ltr'><strong><em>ίχγίζει.</em></strong></span> <span class='ocrx_word' id='word_1_175' title='bbox 589 2470 645 2534; x_wconf 85' lang='grc' dir='ltr'><strong><em>καί</em></strong></span> <span class='ocrx_word' id='word_1_176' title='bbox 672 2458 810 2549; x_wconf 82' lang='grc' dir='ltr'><strong><em>εόχαὶ</em></strong></span> <span class='ocrx_word' id='word_1_177' title='bbox 789 2489 855 2549; x_wconf 93' lang='grc' dir='ltr'><strong><em>αρα</em></strong></span> <span class='ocrx_word' id='word_1_178' title='bbox 881 2457 941 2549; x_wconf 78' lang='grc' dir='ltr'><strong><em>οὐχ</em></strong></span> <span class='ocrx_word' id='word_1_179' title='bbox 967 2490 1016 2543; x_wconf 89' lang='grc' dir='ltr'><strong><em>ως</em></strong></span> <span class='ocrx_word' id='word_1_180' title='bbox 1047 2459 1134 2547; x_wconf 88' lang='grc' dir='ltr'><strong><em>πρὸς</em></strong></span> <span class='ocrx_word' id='word_1_181' title='bbox 1163 2456 1300 2550; x_wconf 83' lang='grc' dir='ltr'><strong><em>πόρρω</em></strong></span> <span class='ocrx_word' id='word_1_182' title='bbox 1327 2455 1413 2532; x_wconf 86' lang='grc' dir='ltr'><strong><em>ὄντα</em></strong></span> <span class='ocrx_word' id='word_1_183' title='bbox 1444 2471 1617 2552; x_wconf 90' lang='grc' dir='ltr'><strong><em>γίγνονται</em></strong></span> 
     </span>
     <span class='ocr_line' id='line_1_20' title="bbox 313 2557 1617 2652; baseline -0.001 -18"><span class='ocrx_word' id='word_1_184' title='bbox 313 2561 376 2634; x_wconf 88' lang='grc' dir='ltr'><strong><em>τόν</em></strong></span> <span class='ocrx_word' id='word_1_185' title='bbox 399 2561 506 2634; x_wconf 74' lang='grc' dir='ltr'><strong><em>θεόν.</em></strong></span> <span class='ocrx_word' id='word_1_186' title='bbox 548 2568 604 2633; x_wconf 81' lang='grc' dir='ltr'><strong><em>καὶ</em></strong></span> <span class='ocrx_word' id='word_1_187' title='bbox 630 2568 707 2650; x_wconf 83' lang='grc' dir='ltr'><strong><em>περὶ</em></strong></span> <span class='ocrx_word' id='word_1_188' title='bbox 734 2568 798 2632; x_wconf 86' lang='grc' dir='ltr'><strong><em>τοῦ</em></strong></span> <span class='ocrx_word' id='word_1_189' title='bbox 823 2564 899 2632; x_wconf 84' lang='grc' dir='ltr'><strong><em>υίοῦ</em></strong></span> <span class='ocrx_word' id='word_1_190' title='bbox 921 2565 956 2630; x_wconf 78' lang='grc' dir='ltr'><strong><em>δὲ</em></strong></span> <span class='ocrx_word' id='word_1_191' title='bbox 982 2567 1127 2649; x_wconf 80' lang='grc' dir='ltr'><strong><em>λέγεται·</em></strong></span> <span class='ocrx_word' id='word_1_192' title='bbox 1158 2563 1212 2631; x_wconf 75' lang='grc' dir='ltr'><strong><em>»ἐν</em></strong></span> <span class='ocrx_word' id='word_1_193' title='bbox 1235 2567 1284 2650; x_wconf 80' lang='grc' dir='ltr'><strong><em>τῷ</em></strong></span> <span class='ocrx_word' id='word_1_194' title='bbox 1307 2557 1423 2651; x_wconf 87' lang='grc' dir='ltr'><strong><em>κόσμῳ</em></strong></span> <span class='ocrx_word' id='word_1_195' title='bbox 1445 2565 1498 2652; x_wconf 92' lang='grc' dir='ltr'><strong><em>ήν,</em></strong></span> <span class='ocrx_word' id='word_1_196' title='bbox 1520 2559 1617 2634; x_wconf 81' lang='grc' dir='ltr'><strong><em>καλό</em></strong></span> 
     </span>
    </p>

    <p class='ocr_par' dir='ltr' id='par_1_6' title="bbox 261 2633 1621 3140">
     <span class='ocr_line' id='line_1_21' title="bbox 261 2633 1619 2752; baseline -0.001 -18"><span class='ocrx_word' id='word_1_197' title='bbox 261 2660 438 2752; x_wconf 85' lang='grc' dir='ltr'><strong><em>2οκόσμος</em></strong></span> <span class='ocrx_word' id='word_1_198' title='bbox 459 2657 502 2733; x_wconf 76' lang='grc' dir='ltr'><strong><em>δι’</em></strong></span> <span class='ocrx_word' id='word_1_199' title='bbox 525 2657 632 2732; x_wconf 84' lang='grc' dir='ltr'><strong><em>αότου</em></strong></span> <span class='ocrx_word' id='word_1_200' title='bbox 616 2664 815 2750; x_wconf 74' lang='grc' dir='ltr'><strong><em>ἐγένετοι.</em></strong></span> <span class='ocrx_word' id='word_1_201' title='bbox 858 2657 961 2741; x_wconf 72' lang='grc' dir='ltr'><strong><em>αὐτὸς</em></strong></span> <span class='ocrx_word' id='word_1_202' title='bbox 983 2659 1045 2749; x_wconf 85' lang='grc' dir='ltr'><strong><em>γὰρ</em></strong></span> <span class='ocrx_word' id='word_1_203' title='bbox 1067 2654 1086 2728; x_wconf 92' lang='lat'><strong><em>6</em></strong></span> <span class='ocrx_word' id='word_1_204' title='bbox 1108 2667 1165 2730; x_wconf 87' lang='grc' dir='ltr'><strong><em>καὶ</em></strong></span> <span class='ocrx_word' id='word_1_205' title='bbox 1186 2633 1307 2748; x_wconf 78' lang='grc' dir='ltr'><strong><em>λέγων·</em></strong></span> <span class='ocrx_word' id='word_1_206' title='bbox 1335 2659 1431 2742; x_wconf 75' lang='grc' dir='ltr'><strong><em>θεὸς</em></strong></span> <span class='ocrx_word' id='word_1_207' title='bbox 1452 2665 1619 2750; x_wconf 78' lang='grc' dir='ltr'><strong><em>ἐγγίζων</em></strong></span> 
     </span>
     <span class='ocr_line' id='line_1_22' title="bbox 313 2752 1620 2852; baseline -0.003 -18"><span class='ocrx_word' id='word_1_208' title='bbox 313 2762 388 2852; x_wconf 82' lang='grc' dir='ltr'><strong><em>ἐγώ</em></strong></span> <span class='ocrx_word' id='word_1_209' title='bbox 420 2765 509 2850; x_wconf 86' lang='grc' dir='ltr'><strong><em>εἰμι·</em></strong></span> <span class='ocrx_word' id='word_1_210' title='bbox 537 2759 686 2851; x_wconf 86' lang='grc' dir='ltr'><strong><em>καὶγὰρ</em></strong></span> <span class='ocrx_word' id='word_1_211' title='bbox 717 2765 852 2848; x_wconf 79' lang='grc' dir='ltr'><strong><em>ἔφησεν·</em></strong></span> <span class='ocrx_word' id='word_1_212' title='bbox 887 2752 993 2830; x_wconf 74' lang='grc' dir='ltr'><strong><em>»ὅπου</em></strong></span> <span class='ocrx_word' id='word_1_213' title='bbox 1024 2757 1084 2830; x_wconf 81' lang='grc' dir='ltr'><strong><em>δύο</em></strong></span> <span class='ocrx_word' id='word_1_214' title='bbox 1111 2765 1165 2829; x_wconf 86' lang='grc' dir='ltr'><strong><em>καὶ</em></strong></span> <span class='ocrx_word' id='word_1_215' title='bbox 1191 2777 1281 2848; x_wconf 84' lang='grc' dir='ltr'><strong><em>τρεῖς</em></strong></span> <span class='ocrx_word' id='word_1_216' title='bbox 1308 2765 1508 2849; x_wconf 80' lang='grc' dir='ltr'><strong><em>συνηγμένοι</em></strong></span> <span class='ocrx_word' id='word_1_217' title='bbox 1536 2765 1620 2832; x_wconf 86' lang='grc' dir='ltr'><strong><em>εἰσίν</em></strong></span> 
     </span>
     <span class='ocr_line' id='line_1_23' title="bbox 313 2853 1620 2949; baseline -0.002 -17"><span class='ocrx_word' id='word_1_218' title='bbox 313 2865 359 2944; x_wconf 87' lang='grc' dir='ltr'><strong><em>είς</em></strong></span> <span class='ocrx_word' id='word_1_219' title='bbox 386 2861 426 2934; x_wconf 86' lang='grc' dir='ltr'><strong><em>τὸ</em></strong></span> <span class='ocrx_word' id='word_1_220' title='bbox 454 2860 536 2949; x_wconf 74' lang='grc' dir='ltr'><strong><em>ἐμὸν</em></strong></span> <span class='ocrx_word' id='word_1_221' title='bbox 561 2853 679 2948; x_wconf 90' lang='grc' dir='ltr'><strong><em>όνομα,</em></strong></span> <span class='ocrx_word' id='word_1_222' title='bbox 701 2856 796 2947; x_wconf 82' lang='grc' dir='ltr'><strong><em>κάγώ</em></strong></span> <span class='ocrx_word' id='word_1_223' title='bbox 818 2864 883 2946; x_wconf 89' lang='grc' dir='ltr'><strong><em>είμι</em></strong></span> <span class='ocrx_word' id='word_1_224' title='bbox 904 2862 941 2928; x_wconf 80' lang='grc' dir='ltr'><strong><em>ἐν</em></strong></span> <span class='ocrx_word' id='word_1_225' title='bbox 962 2865 1052 2948; x_wconf 81' lang='grc' dir='ltr'><strong><em>μέσῳ</em></strong></span> <span class='ocrx_word' id='word_1_226' title='bbox 1076 2854 1227 2941; x_wconf 77' lang='grc' dir='ltr'><strong><em>αὕτῶνι,</em></strong></span> <span class='ocrx_word' id='word_1_227' title='bbox 1254 2853 1273 2928; x_wconf 91' lang='lat'><strong><em>6</em></strong></span> <span class='ocrx_word' id='word_1_228' title='bbox 1294 2868 1351 2930; x_wconf 85' lang='grc' dir='ltr'><strong><em>καὶ</em></strong></span> <span class='ocrx_word' id='word_1_229' title='bbox 1369 2865 1496 2949; x_wconf 83' lang='grc' dir='ltr'><strong><em>λέγων·</em></strong></span> <span class='ocrx_word' id='word_1_230' title='bbox 1528 2859 1620 2932; x_wconf 77' lang='grc' dir='ltr'><strong><em>ιίδού</em></strong></span> 
     </span>
     <span class='ocr_line' id='line_1_24' title="bbox 313 2953 1621 3050; baseline -0.001 -19"><span class='ocrx_word' id='word_1_231' title='bbox 313 2961 379 3050; x_wconf 80' lang='grc' dir='ltr'><strong><em>ίγώ</em></strong></span> <span class='ocrx_word' id='word_1_232' title='bbox 414 2955 490 3050; x_wconf 73' lang='grc' dir='ltr'><strong><em>μεθ’</em></strong></span> <span class='ocrx_word' id='word_1_233' title='bbox 522 2956 618 3048; x_wconf 80' lang='grc' dir='ltr'><strong><em>όμῶν</em></strong></span> <span class='ocrx_word' id='word_1_234' title='bbox 656 2963 719 3045; x_wconf 89' lang='grc' dir='ltr'><strong><em>είμι</em></strong></span> <span class='ocrx_word' id='word_1_235' title='bbox 754 2955 865 3040; x_wconf 87' lang='grc' dir='ltr'><strong><em>πάσας</em></strong></span> <span class='ocrx_word' id='word_1_236' title='bbox 899 2955 960 3040; x_wconf 83' lang='grc' dir='ltr'><strong><em>τάς</em></strong></span> <span class='ocrx_word' id='word_1_237' title='bbox 995 2953 1117 3046; x_wconf 78' lang='grc' dir='ltr'><strong><em>ἡμέρας</em></strong></span> <span class='ocrx_word' id='word_1_238' title='bbox 1148 2959 1210 3038; x_wconf 69' lang='grc' dir='ltr'><strong><em>ἕως</em></strong></span> <span class='ocrx_word' id='word_1_239' title='bbox 1243 2963 1306 3046; x_wconf 83' lang='grc' dir='ltr'><strong><em>τῆς</em></strong></span> <span class='ocrx_word' id='word_1_240' title='bbox 1336 2965 1527 3043; x_wconf 86' lang='grc' dir='ltr'><strong><em>συντελείας</em></strong></span> <span class='ocrx_word' id='word_1_241' title='bbox 1557 2966 1621 3030; x_wconf 84' lang='grc' dir='ltr'><strong><em>τοῦ</em></strong></span> 
     </span>
     <span class='ocr_line' id='line_1_25' title="bbox 313 3063 465 3140; baseline 0 -12"><span class='ocrx_word' id='word_1_242' title='bbox 313 3063 465 3140; x_wconf 76' lang='grc' dir='ltr'><strong><em>αίῶνοςι.</em></strong></span> 
     </span>
    </p>
   </div>
   <div class='ocr_carea' id='block_1_5' title="bbox 261 3219 1208 3298">
    <p class='ocr_par' dir='ltr' id='par_1_7' title="bbox 261 3219 1208 3298">
     <span class='ocr_line' id='line_1_26' title="bbox 261 3219 1208 3298; baseline -0.003 -10"><span class='ocrx_word' id='word_1_243' title='bbox 261 3233 295 3288; x_wconf 80' lang='grc'><strong><em>25</em></strong></span> <span class='ocrx_word' id='word_1_244' title='bbox 730 3219 786 3285; x_wconf 87' lang='lat' dir='ltr'><strong><em>Nr.</em></strong></span> <span class='ocrx_word' id='word_1_245' title='bbox 807 3219 922 3286; x_wconf 84' lang='lat' dir='ltr'>XVIII.</span> <span class='ocrx_word' id='word_1_246' title='bbox 965 3220 1080 3286; x_wconf 78' lang='lat' dir='ltr'><strong>Jerem.</strong></span> <span class='ocrx_word' id='word_1_247' title='bbox 1095 3225 1144 3298; x_wconf 86' lang='lat'><strong><em>23,</em></strong></span> <span class='ocrx_word' id='word_1_248' title='bbox 1159 3226 1208 3287; x_wconf 78' lang='lat'><strong><em>24.</em></strong></span> 
     </span>
    </p>
   </div>
   <div class='ocr_carea' id='block_1_6' title="bbox 311 3377 1621 3770">
    <p class='ocr_par' dir='ltr' id='par_1_8' title="bbox 311 3377 1621 3770">
     <span class='ocr_line' id='line_1_27' title="bbox 395 3377 1619 3472; baseline 0.001 -18"><span class='ocrx_word' id='word_1_249' title='bbox 395 3388 460 3470; x_wconf 86' lang='lat'>(93)</span> <span class='ocrx_word' id='word_1_250' title='bbox 488 3377 542 3466; x_wconf 78' lang='grc' dir='ltr'><strong><em>Ὡς</em></strong></span> <span class='ocrx_word' id='word_1_251' title='bbox 571 3381 634 3471; x_wconf 81' lang='grc' dir='ltr'><strong><em>γάρ</em></strong></span> <span class='ocrx_word' id='word_1_252' title='bbox 666 3388 728 3472; x_wconf 82' lang='grc' dir='ltr'><strong><em>τῆς</em></strong></span> <span class='ocrx_word' id='word_1_253' title='bbox 759 3379 920 3471; x_wconf 82' lang='grc' dir='ltr'><strong><em>ἡμετέρας</em></strong></span> <span class='ocrx_word' id='word_1_254' title='bbox 949 3387 1057 3470; x_wconf 79' lang='grc' dir='ltr'><strong><em>ψυχῆς</em></strong></span> <span class='ocrx_word' id='word_1_255' title='bbox 1089 3379 1189 3453; x_wconf 78' lang='grc' dir='ltr'><strong><em>οὐδὲν</em></strong></span> <span class='ocrx_word' id='word_1_256' title='bbox 1215 3388 1277 3452; x_wconf 87' lang='grc' dir='ltr'><strong><em>τοῦ</em></strong></span> <span class='ocrx_word' id='word_1_257' title='bbox 1304 3380 1461 3470; x_wconf 80' lang='grc' dir='ltr'><strong><em>σώματος</em></strong></span> <span class='ocrx_word' id='word_1_258' title='bbox 1485 3383 1619 3472; x_wconf 75' lang='grc' dir='ltr'><strong><em>ἔρημον,</em></strong></span> 
     </span>
     <span class='ocr_line' id='line_1_28' title="bbox 312 3477 1620 3571; baseline -0.001 -18"><span class='ocrx_word' id='word_1_259' title='bbox 312 3478 387 3554; x_wconf 78' lang='grc' dir='ltr'><strong><em>ἀλλ’</em></strong></span> <span class='ocrx_word' id='word_1_260' title='bbox 410 3477 498 3554; x_wconf 82' lang='grc' dir='ltr'><strong><em>ὅπου</em></strong></span> <span class='ocrx_word' id='word_1_261' title='bbox 527 3487 682 3571; x_wconf 76' lang='grc' dir='ltr'><strong><em>αἴσθησις</em></strong></span> <span class='ocrx_word' id='word_1_262' title='bbox 713 3485 782 3551; x_wconf 78' lang='grc' dir='ltr'><strong><em>ἐκεῖ</em></strong></span> <span class='ocrx_word' id='word_1_263' title='bbox 809 3488 865 3552; x_wconf 86' lang='grc' dir='ltr'><strong><em>καὶ</em></strong></span> <span class='ocrx_word' id='word_1_264' title='bbox 897 3478 999 3570; x_wconf 88' lang='grc' dir='ltr'><strong><em>ψυχή,</em></strong></span> <span class='ocrx_word' id='word_1_265' title='bbox 1030 3487 1085 3551; x_wconf 84' lang='grc' dir='ltr'><strong><em>καί</em></strong></span> <span class='ocrx_word' id='word_1_266' title='bbox 1116 3485 1170 3552; x_wconf 78' lang='grc' dir='ltr'><strong><em>ἐπὶ</em></strong></span> <span class='ocrx_word' id='word_1_267' title='bbox 1200 3486 1270 3552; x_wconf 84' lang='grc' dir='ltr'><strong><em>πᾶν</em></strong></span> <span class='ocrx_word' id='word_1_268' title='bbox 1298 3477 1424 3567; x_wconf 81' lang='grc' dir='ltr'><strong><em>φθάνει</em></strong></span> <span class='ocrx_word' id='word_1_269' title='bbox 1451 3477 1491 3551; x_wconf 88' lang='grc' dir='ltr'><strong><em>τό</em></strong></span> <span class='ocrx_word' id='word_1_270' title='bbox 1515 3487 1620 3571; x_wconf 81' lang='grc' dir='ltr'><strong><em>σῶμα,</em></strong></span> 
     </span>
     <span class='ocr_line' id='line_1_29' title="bbox 314 3573 1621 3669; baseline 0.001 -18"><span class='ocrx_word' id='word_1_271' title='bbox 314 3573 426 3663; x_wconf 80' lang='grc' dir='ltr'><strong><em>οότως</em></strong></span> <span class='ocrx_word' id='word_1_272' title='bbox 456 3588 511 3651; x_wconf 84' lang='grc' dir='ltr'><strong><em>καί</em></strong></span> <span class='ocrx_word' id='word_1_273' title='bbox 542 3577 640 3651; x_wconf 77' lang='grc' dir='ltr'><strong><em>οὐδὲν</em></strong></span> <span class='ocrx_word' id='word_1_274' title='bbox 669 3579 771 3652; x_wconf 86' lang='grc' dir='ltr'><strong><em>κενὸν</em></strong></span> <span class='ocrx_word' id='word_1_275' title='bbox 801 3587 865 3651; x_wconf 83' lang='grc' dir='ltr'><strong><em>τοῦ</em></strong></span> <span class='ocrx_word' id='word_1_276' title='bbox 895 3587 988 3650; x_wconf 78' lang='grc' dir='ltr'><strong><em>θεοῦ.</em></strong></span> <span class='ocrx_word' id='word_1_277' title='bbox 1030 3586 1085 3651; x_wconf 86' lang='grc' dir='ltr'><strong><em>καὶ</em></strong></span> <span class='ocrx_word' id='word_1_278' title='bbox 1121 3573 1212 3669; x_wconf 79' lang='grc' dir='ltr'><strong><em>ὅμως</em></strong></span> <span class='ocrx_word' id='word_1_279' title='bbox 1241 3576 1356 3650; x_wconf 89' lang='grc' dir='ltr'><strong><em>πάντα</em></strong></span> <span class='ocrx_word' id='word_1_280' title='bbox 1385 3586 1550 3668; x_wconf 85' lang='grc' dir='ltr'><strong><em>πληρῶν</em></strong></span> <span class='ocrx_word' id='word_1_281' title='bbox 1581 3577 1621 3652; x_wconf 83' lang='grc' dir='ltr'><strong><em>ου’</em></strong></span> 
     </span>
     <span class='ocr_line' id='line_1_30' title="bbox 311 3674 1620 3770; baseline -0.001 -19"><span class='ocrx_word' id='word_1_282' title='bbox 311 3688 440 3770; x_wconf 83' lang='grc' dir='ltr'><strong><em>πληροῖ</em></strong></span> <span class='ocrx_word' id='word_1_283' title='bbox 470 3679 533 3751; x_wconf 87' lang='grc' dir='ltr'><strong><em>τὸν</em></strong></span> <span class='ocrx_word' id='word_1_284' title='bbox 564 3675 785 3768; x_wconf 86' lang='grc' dir='ltr'><strong><em>άμαρτωλόν,</em></strong></span> <span class='ocrx_word' id='word_1_285' title='bbox 817 3677 1023 3770; x_wconf 87' lang='grc' dir='ltr'><strong><em>πνευμάτων</em></strong></span> <span class='ocrx_word' id='word_1_286' title='bbox 1053 3679 1116 3768; x_wconf 82' lang='grc' dir='ltr'><strong><em>γάρ</em></strong></span> <span class='ocrx_word' id='word_1_287' title='bbox 1147 3674 1358 3766; x_wconf 76' lang='grc' dir='ltr'><strong><em>ἀκαθάρτων</em></strong></span> <span class='ocrx_word' id='word_1_288' title='bbox 1383 3676 1620 3768; x_wconf 88' lang='grc' dir='ltr'><strong><em>πεπλήρωται·</em></strong></span> 
     </span>
    </p>
   </div>
   <div class='ocr_carea' id='block_1_7' title="bbox 312 3865 1621 4356">
    <p class='ocr_par' dir='ltr' id='par_1_9' title="bbox 312 3865 1621 4356">
     <span class='ocr_line' id='line_1_31' title="bbox 397 3865 1620 3939; baseline -0.002 -15"><span class='ocrx_word' id='word_1_289' title='bbox 397 3869 415 3924; x_wconf 78' lang='grc'>2</span> <span class='ocrx_word' id='word_1_290' title='bbox 435 3868 498 3939; x_wconf 78' lang='lat' dir='ltr'><strong>vgl.</strong></span> <span class='ocrx_word' id='word_1_291' title='bbox 516 3870 614 3924; x_wconf 83' lang='lat' dir='ltr'>Jerem.</span> <span class='ocrx_word' id='word_1_292' title='bbox 632 3871 673 3936; x_wconf 84' lang='lat'><strong><em>23,</em></strong></span> <span class='ocrx_word' id='word_1_293' title='bbox 693 3872 733 3924; x_wconf 84' lang='lat'><strong><em>17.</em></strong></span> <span class='ocrx_word' id='word_1_294' title='bbox 751 3899 785 3908; x_wconf 92' lang='lat'><em>-</em></span> <span class='ocrx_word' id='word_1_295' title='bbox 808 3868 826 3924; x_wconf 75' lang='grc' dir='ltr'><strong><em>Β</em></strong></span> <span class='ocrx_word' id='word_1_296' title='bbox 851 3868 923 3923; x_wconf 73' lang='lat' dir='ltr'><strong>psal.</strong></span> <span class='ocrx_word' id='word_1_297' title='bbox 941 3870 965 3931; x_wconf 89' lang='grc'><strong><em>6,</em></strong></span> <span class='ocrx_word' id='word_1_298' title='bbox 984 3869 1008 3922; x_wconf 86' lang='grc'><strong><em>2.</em></strong></span> <span class='ocrx_word' id='word_1_299' title='bbox 1030 3899 1064 3907; x_wconf 98' lang='grc'>-</span> <span class='ocrx_word' id='word_1_300' title='bbox 1086 3869 1103 3923; x_wconf 77' lang='lat'><strong><em>6</em></strong></span> <span class='ocrx_word' id='word_1_301' title='bbox 1126 3865 1189 3936; x_wconf 77' lang='lat' dir='ltr'>vgl.</span> <span class='ocrx_word' id='word_1_302' title='bbox 1208 3867 1280 3920; x_wconf 74' lang='lat' dir='ltr'>Psal.</span> <span class='ocrx_word' id='word_1_303' title='bbox 1298 3868 1323 3934; x_wconf 83' lang='lat'><strong><em>6,</em></strong></span> <span class='ocrx_word' id='word_1_304' title='bbox 1341 3867 1385 3922; x_wconf 71' lang='lat'><strong><em>21³.</em></strong></span> <span class='ocrx_word' id='word_1_305' title='bbox 1403 3896 1437 3906; x_wconf 88' lang='lat'>—</span> <span class='ocrx_word' id='word_1_306' title='bbox 1461 3867 1538 3925; x_wconf 64' lang='lat'>1216</span> <span class='ocrx_word' id='word_1_307' title='bbox 1557 3867 1620 3937; x_wconf 78' lang='lat' dir='ltr'>vgl.</span> 
     </span>
     <span class='ocr_line' id='line_1_32' title="bbox 313 3945 1620 4024; baseline -0.001 -17"><span class='ocrx_word' id='word_1_308' title='bbox 313 3955 449 4023; x_wconf 74' lang='lat' dir='ltr'><strong>chrysost.</strong></span> <span class='ocrx_word' id='word_1_309' title='bbox 469 3954 523 4022; x_wconf 86' lang='lat' dir='ltr'><strong><em>(Gh</em></strong></span> <span class='ocrx_word' id='word_1_310' title='bbox 541 3955 582 4022; x_wconf 91' lang='grc' dir='ltr'><strong><em>ΙΙ,</em></strong></span> <span class='ocrx_word' id='word_1_311' title='bbox 601 3954 698 4022; x_wconf 76' lang='grc' dir='ltr'>5ῖ41.);</span> <span class='ocrx_word' id='word_1_312' title='bbox 729 3949 772 4009; x_wconf 81' lang='grc' dir='ltr'><strong><em>ίίτι</em></strong></span> <span class='ocrx_word' id='word_1_313' title='bbox 798 3951 839 4018; x_wconf 86' lang='grc' dir='ltr'><strong><em>είς</em></strong></span> <span class='ocrx_word' id='word_1_314' title='bbox 866 3954 1004 4024; x_wconf 88' lang='grc' dir='ltr'><strong><em>πονηρίας</em></strong></span> <span class='ocrx_word' id='word_1_315' title='bbox 1031 3950 1133 4017; x_wconf 72' lang='grc' dir='ltr'><strong><em>αὐτοὺς</em></strong></span> <span class='ocrx_word' id='word_1_316' title='bbox 1158 3945 1285 4019; x_wconf 76' lang='grc' dir='ltr'><strong><em>ὤθησαν,</em></strong></span> <span class='ocrx_word' id='word_1_317' title='bbox 1313 3945 1384 4007; x_wconf 83' lang='grc' dir='ltr'><strong><em>οἶδα.</em></strong></span> <span class='ocrx_word' id='word_1_318' title='bbox 1425 3951 1517 4007; x_wconf 73' lang='grc' dir='ltr'><strong><em>πόθεν</em></strong></span> <span class='ocrx_word' id='word_1_319' title='bbox 1543 3945 1620 4016; x_wconf 74' lang='grc' dir='ltr'><strong><em>σίδας</em></strong></span> 
     </span>
     <span class='ocr_line' id='line_1_33' title="bbox 312 4034 1621 4110; baseline -0.002 -18"><span class='ocrx_word' id='word_1_320' title='bbox 312 4034 413 4108; x_wconf 87' lang='grc' dir='ltr'><strong><em>παρὼν</em></strong></span> <span class='ocrx_word' id='word_1_321' title='bbox 439 4035 497 4108; x_wconf 79' lang='grc' dir='ltr'><strong><em>ἐγώ</em></strong></span> <span class='ocrx_word' id='word_1_322' title='bbox 524 4037 589 4108; x_wconf 87' lang='grc' dir='ltr'><strong><em>είμι,</em></strong></span> <span class='ocrx_word' id='word_1_323' title='bbox 608 4047 754 4109; x_wconf 83' lang='grc' dir='ltr'><strong><em>πανταχοῦ</em></strong></span> <span class='ocrx_word' id='word_1_324' title='bbox 776 4036 901 4110; x_wconf 87' lang='grc' dir='ltr'><strong><em>πάρειμι.</em></strong></span> <span class='ocrx_word' id='word_1_325' title='bbox 937 4035 965 4092; x_wconf 84' lang='grc' dir='ltr'><strong><em>εἰ</em></strong></span> <span class='ocrx_word' id='word_1_326' title='bbox 984 4037 1039 4108; x_wconf 82' lang='grc' dir='ltr'><strong><em>γάρ</em></strong></span> <span class='ocrx_word' id='word_1_327' title='bbox 1058 4045 1117 4101; x_wconf 86' lang='grc' dir='ltr'><strong><em>τοῖς</em></strong></span> <span class='ocrx_word' id='word_1_328' title='bbox 1134 4037 1171 4104; x_wconf 79' lang='grc' dir='ltr'><strong><em>μή</em></strong></span> <span class='ocrx_word' id='word_1_329' title='bbox 1190 4041 1315 4105; x_wconf 79' lang='grc' dir='ltr'><strong><em>παροῦσι</em></strong></span> <span class='ocrx_word' id='word_1_330' title='bbox 1334 4037 1493 4107; x_wconf 85' lang='grc' dir='ltr'><strong><em>προφήταις</em></strong></span> <span class='ocrx_word' id='word_1_331' title='bbox 1511 4036 1621 4090; x_wconf 80' lang='grc' dir='ltr'><strong><em>δίδωσιν</em></strong></span> 
     </span>
     <span class='ocr_line' id='line_1_34' title="bbox 313 4113 1621 4196; baseline -0.003 -21"><span class='ocrx_word' id='word_1_332' title='bbox 313 4119 415 4176; x_wconf 78' lang='grc' dir='ltr'><strong><em>εἰδέναι</em></strong></span> <span class='ocrx_word' id='word_1_333' title='bbox 436 4120 472 4177; x_wconf 83' lang='grc' dir='ltr'><strong><em>τὰ</em></strong></span> <span class='ocrx_word' id='word_1_334' title='bbox 495 4133 641 4194; x_wconf 79' lang='grc' dir='ltr'><strong><em>πανταχοῦ</em></strong></span> <span class='ocrx_word' id='word_1_335' title='bbox 663 4122 809 4187; x_wconf 84' lang='grc' dir='ltr'><strong><em>πολλάκις,</em></strong></span> <span class='ocrx_word' id='word_1_336' title='bbox 838 4125 935 4196; x_wconf 81' lang='grc' dir='ltr'><strong><em>πολλῷ</em></strong></span> <span class='ocrx_word' id='word_1_337' title='bbox 953 4124 1062 4190; x_wconf 85' lang='grc' dir='ltr'><strong><em>μᾶλλον</em></strong></span> <span class='ocrx_word' id='word_1_338' title='bbox 1081 4118 1167 4186; x_wconf 79' lang='grc' dir='ltr'><strong><em>αὐτὸς</em></strong></span> <span class='ocrx_word' id='word_1_339' title='bbox 1185 4113 1269 4174; x_wconf 83' lang='grc' dir='ltr'><strong><em>οἶδεν.</em></strong></span> <span class='ocrx_word' id='word_1_340' title='bbox 1305 4118 1368 4187; x_wconf 79' lang='lat' dir='ltr'><strong>vgl.</strong></span> <span class='ocrx_word' id='word_1_341' title='bbox 1386 4118 1474 4174; x_wconf 78' lang='lat' dir='ltr'><strong>Sever.</strong></span> <span class='ocrx_word' id='word_1_342' title='bbox 1493 4119 1621 4174; x_wconf 73' lang='lat' dir='ltr'><strong>Antioch.</strong></span> 
     </span>
     <span class='ocr_line' id='line_1_35' title="bbox 312 4203 1621 4276; baseline -0.003 -14"><span class='ocrx_word' id='word_1_343' title='bbox 312 4206 427 4262; x_wconf 79' lang='lat' dir='ltr'><strong>ebenda.</strong></span> <span class='ocrx_word' id='word_1_344' title='bbox 445 4236 478 4246; x_wconf 90' lang='lat'>-</span> <span class='ocrx_word' id='word_1_345' title='bbox 498 4207 537 4262; x_wconf 86' lang='lat'><strong><em>14</em></strong></span> <span class='ocrx_word' id='word_1_346' title='bbox 555 4207 658 4263; x_wconf 82' lang='lat' dir='ltr'>Weish.</span> <span class='ocrx_word' id='word_1_347' title='bbox 677 4209 730 4262; x_wconf 79' lang='lat' dir='ltr'><strong>Sal.</strong></span> <span class='ocrx_word' id='word_1_348' title='bbox 750 4211 773 4270; x_wconf 84' lang='lat'><strong><em>1,</em></strong></span> <span class='ocrx_word' id='word_1_349' title='bbox 792 4209 816 4260; x_wconf 86' lang='grc'><strong><em>7.</em></strong></span> <span class='ocrx_word' id='word_1_350' title='bbox 829 4236 862 4246; x_wconf 91' lang='grc'>-</span> <span class='ocrx_word' id='word_1_351' title='bbox 883 4207 923 4276; x_wconf 71' lang='lat'><strong><em>15:</em></strong></span> <span class='ocrx_word' id='word_1_352' title='bbox 940 4208 1001 4260; x_wconf 78' lang='lat' dir='ltr'><strong>Act.</strong></span> <span class='ocrx_word' id='word_1_353' title='bbox 1015 4207 1054 4266; x_wconf 84' lang='grc'><strong><em>17,</em></strong></span> <span class='ocrx_word' id='word_1_354' title='bbox 1073 4205 1113 4260; x_wconf 81' lang='lat'><strong><em>28.</em></strong></span> <span class='ocrx_word' id='word_1_355' title='bbox 1132 4234 1165 4244; x_wconf 91' lang='lat'>-</span> <span class='ocrx_word' id='word_1_356' title='bbox 1184 4205 1219 4260; x_wconf 73' lang='lat'><strong><em>16</em></strong></span> <span class='ocrx_word' id='word_1_357' title='bbox 1240 4203 1300 4258; x_wconf 86' lang='lat' dir='ltr'>Joh.</span> <span class='ocrx_word' id='word_1_358' title='bbox 1315 4205 1392 4271; x_wconf 88' lang='lat'>1,10.</span> <span class='ocrx_word' id='word_1_359' title='bbox 1411 4233 1444 4242; x_wconf 91' lang='lat'><em>-</em></span> <span class='ocrx_word' id='word_1_360' title='bbox 1463 4205 1500 4260; x_wconf 81' lang='lat'><strong><em>21</em></strong></span> <span class='ocrx_word' id='word_1_361' title='bbox 1520 4204 1621 4272; x_wconf 68' lang='lat'>6166.</span> 
     </span>
     <span class='ocr_line' id='line_1_36' title="bbox 314 4290 760 4356; baseline 0.007 -13"><span class='ocrx_word' id='word_1_362' title='bbox 314 4292 354 4356; x_wconf 84' lang='lat'><strong><em>18,</em></strong></span> <span class='ocrx_word' id='word_1_363' title='bbox 372 4293 414 4346; x_wconf 88' lang='lat'><strong><em>20.</em></strong></span> <span class='ocrx_word' id='word_1_364' title='bbox 432 4321 466 4330; x_wconf 93' lang='lat'><em>-</em></span> <span class='ocrx_word' id='word_1_365' title='bbox 485 4290 524 4345; x_wconf 72' lang='lat'><strong><em>22</em></strong></span> <span class='ocrx_word' id='word_1_366' title='bbox 543 4291 643 4345; x_wconf 70' lang='lat' dir='ltr'><strong>Matth.</strong></span> <span class='ocrx_word' id='word_1_367' title='bbox 661 4293 702 4356; x_wconf 76' lang='lat'><strong><em>28,</em></strong></span> <span class='ocrx_word' id='word_1_368' title='bbox 721 4293 760 4346; x_wconf 73' lang='lat'><strong><em>20.</em></strong></span> 
     </span>
    </p>
   </div>
   <div class='ocr_carea' id='block_1_8' title="bbox 313 4453 1621 4701">
    <p class='ocr_par' dir='ltr' id='par_1_10' title="bbox 313 4453 1621 4701">
     <span class='ocr_line' id='line_1_37' title="bbox 397 4453 1619 4530; baseline -0.004 -14"><span class='ocrx_word' id='word_1_369' title='bbox 397 4453 546 4528; x_wconf 79' lang='grc' dir='ltr'><strong><em>ῙίοςΙίοο</em></strong></span> <span class='ocrx_word' id='word_1_370' title='bbox 562 4462 565 4528; x_wconf 93' lang='grc' dir='ltr'>Ι</span> <span class='ocrx_word' id='word_1_371' title='bbox 583 4459 752 4529; x_wconf 83' lang='grc' dir='ltr'><strong><em>4ποιήσειο</em></strong></span> <span class='ocrx_word' id='word_1_372' title='bbox 768 4463 772 4527; x_wconf 95' lang='grc' dir='ltr'>Ι</span> <span class='ocrx_word' id='word_1_373' title='bbox 788 4454 822 4514; x_wconf 77' lang='grc' dir='ltr'><strong><em>δι’</em></strong></span> <span class='ocrx_word' id='word_1_374' title='bbox 834 4457 860 4530; x_wconf 75' lang='grc' dir='ltr'><strong><em>ὃ]</em></strong></span> <span class='ocrx_word' id='word_1_375' title='bbox 874 4459 915 4516; x_wconf 84' lang='grc' dir='ltr'><strong><em>διὸ</em></strong></span> <span class='ocrx_word' id='word_1_376' title='bbox 928 4459 979 4514; x_wconf 88' lang='grc' dir='ltr'><strong><em>οΙο</em></strong></span> <span class='ocrx_word' id='word_1_377' title='bbox 996 4453 1327 4527; x_wconf 77' lang='grc' dir='ltr'><strong><em>ΙὸὼςΙ&lt;οπαιδείσῃ</em></strong></span> <span class='ocrx_word' id='word_1_378' title='bbox 1340 4456 1384 4511; x_wconf 86' lang='lat' dir='ltr'><strong><em>Gh</em></strong></span> <span class='ocrx_word' id='word_1_379' title='bbox 1396 4456 1538 4514; x_wconf 75' lang='grc' dir='ltr'><strong><em>παιδεύσει</em></strong></span> <span class='ocrx_word' id='word_1_380' title='bbox 1550 4457 1619 4524; x_wconf 84' lang='grc' dir='ltr'><strong><em>οΙοΙ</em></strong></span> 
     </span>
     <span class='ocr_line' id='line_1_38' title="bbox 313 4539 1619 4616; baseline -0.002 -18"><span class='ocrx_word' id='word_1_381' title='bbox 313 4541 528 4616; x_wconf 79' lang='grc' dir='ltr'><strong><em>(ίέγχρήματος</em></strong></span> <span class='ocrx_word' id='word_1_382' title='bbox 545 4563 561 4599; x_wconf 94' lang='lat' dir='ltr'>o</span> <span class='ocrx_word' id='word_1_383' title='bbox 577 4549 581 4606; x_wconf 88' lang='grc' dir='ltr'>Ι</span> <span class='ocrx_word' id='word_1_384' title='bbox 600 4547 613 4600; x_wconf 77' lang='grc' dir='ltr'><strong><em>λ</em></strong></span> <span class='ocrx_word' id='word_1_385' title='bbox 635 4542 678 4614; x_wconf 81' lang='grc' dir='ltr'><strong><em>ὂν]</em></strong></span> <span class='ocrx_word' id='word_1_386' title='bbox 701 4539 743 4600; x_wconf 81' lang='grc' dir='ltr'><strong><em>ὢν</em></strong></span> <span class='ocrx_word' id='word_1_387' title='bbox 769 4564 786 4601; x_wconf 92' lang='grc' dir='ltr'><strong><em>ο</em></strong></span> <span class='ocrx_word' id='word_1_388' title='bbox 809 4547 814 4613; x_wconf 95' lang='grc' dir='ltr'>Ι</span> <span class='ocrx_word' id='word_1_389' title='bbox 840 4547 886 4612; x_wconf 80' lang='lat'><strong><em>68</em></strong></span> <span class='ocrx_word' id='word_1_390' title='bbox 909 4544 1081 4614; x_wconf 73' lang='grc' dir='ltr'><strong><em>νοηθήσεταί</em></strong></span> <span class='ocrx_word' id='word_1_391' title='bbox 1107 4559 1175 4610; x_wconf 89' lang='grc' dir='ltr'><strong><em>φησι</em></strong></span> <span class='ocrx_word' id='word_1_392' title='bbox 1201 4558 1217 4594; x_wconf 92' lang='lat' dir='ltr'>o</span> <span class='ocrx_word' id='word_1_393' title='bbox 1241 4541 1246 4608; x_wconf 92' lang='grc' dir='ltr'>Ι</span> <span class='ocrx_word' id='word_1_394' title='bbox 1270 4542 1288 4597; x_wconf 83' lang='grc'>8</span> <span class='ocrx_word' id='word_1_395' title='bbox 1311 4541 1397 4612; x_wconf 67' lang='grc' dir='ltr'><strong><em>περίῑ]</em></strong></span> <span class='ocrx_word' id='word_1_396' title='bbox 1424 4539 1531 4608; x_wconf 85' lang='grc' dir='ltr'><strong><em>μετὰο</em></strong></span> <span class='ocrx_word' id='word_1_397' title='bbox 1554 4544 1559 4608; x_wconf 96' lang='grc' dir='ltr'>Ι</span> <span class='ocrx_word' id='word_1_398' title='bbox 1578 4541 1619 4610; x_wconf 87' lang='grc' dir='ltr'><strong><em>τε]</em></strong></span> 
     </span>
     <span class='ocr_line' id='line_1_39' title="bbox 314 4620 1621 4701; baseline -0.007 -15"><span class='ocrx_word' id='word_1_399' title='bbox 314 4637 346 4686; x_wconf 95' lang='grc'>&lt;</span> <span class='ocrx_word' id='word_1_400' title='bbox 365 4647 380 4682; x_wconf 95' lang='grc' dir='ltr'><strong><em>ο</em></strong></span> <span class='ocrx_word' id='word_1_401' title='bbox 404 4631 408 4695; x_wconf 96' lang='grc' dir='ltr'>Ι</span> <span class='ocrx_word' id='word_1_402' title='bbox 435 4630 472 4684; x_wconf 74' lang='lat'><strong><em>12</em></strong></span> <span class='ocrx_word' id='word_1_403' title='bbox 495 4628 546 4684; x_wconf 88' lang='grc' dir='ltr'><strong><em>τὸν</em></strong></span> <span class='ocrx_word' id='word_1_404' title='bbox 567 4628 638 4686; x_wconf 82' lang='grc' dir='ltr'><strong><em>λαόν</em></strong></span> <span class='ocrx_word' id='word_1_405' title='bbox 657 4628 697 4695; x_wconf 84' lang='grc' dir='ltr'><strong><em>εἰς</em></strong></span> <span class='ocrx_word' id='word_1_406' title='bbox 714 4631 853 4701; x_wconf 84' lang='grc' dir='ltr'><strong><em>πονηρίαν</em></strong></span> <span class='ocrx_word' id='word_1_407' title='bbox 871 4627 1055 4700; x_wconf 78' lang='grc' dir='ltr'><strong><em>ὠήθήσαντες</em></strong></span> <span class='ocrx_word' id='word_1_408' title='bbox 1072 4625 1162 4693; x_wconf 77' lang='grc'><strong>0128</strong></span> <span class='ocrx_word' id='word_1_409' title='bbox 1180 4625 1250 4694; x_wconf 72' lang='grc' dir='ltr'><strong><em>καίίΙ</em></strong></span> <span class='ocrx_word' id='word_1_410' title='bbox 1270 4635 1302 4683; x_wconf 92' lang='grc'>&lt;</span> <span class='ocrx_word' id='word_1_411' title='bbox 1321 4620 1459 4695; x_wconf 81' lang='grc' dir='ltr'><strong><em>οΙίίμως]</em></strong></span> <span class='ocrx_word' id='word_1_412' title='bbox 1479 4633 1511 4688; x_wconf 91' lang='grc' dir='ltr'><strong><em>-Ι-</em></strong></span> <span class='ocrx_word' id='word_1_413' title='bbox 1530 4627 1579 4682; x_wconf 86' lang='grc' dir='ltr'><strong><em>καί</em></strong></span> <span class='ocrx_word' id='word_1_414' title='bbox 1597 4644 1621 4680; x_wconf 92' lang='lat' dir='ltr'><strong><em>o.</em></strong></span> 
     </span>
    </p>
   </div>
   <div class='ocr_carea' id='block_1_9' title="bbox 0 0 1856 5542">
    <p class='ocr_par' dir='ltr' id='par_1_11' title="bbox 0 0 1856 5542">
     <span class='ocr_line' id='line_1_40' title="bbox 0 0 1856 5542; baseline 0 0"><span class='ocrx_word' id='word_1_415' title='bbox 0 0 1856 5542; x_wconf 95' lang='lat' dir='ltr'><strong><em> </em></strong></span> 
     </span>
    </p>
   </div>
  </div>
 </body>
</html>
