3768 5544
35 613 50 652 l

645 472 766 566 Ηοιρῦίε
784 471 841 526 XII.
877 471 974 526 Jerem.
993 472 1033 538 13,
1051 473 1160 528 12—17.
1521 479 1560 540 97

250 641 428 758 θρωπίνης
457 643 522 718 πᾶς
552 643 608 706 καί
638 630 657 707 3
689 642 751 707 τοῦ
780 643 1008 756 πολυχρονίου
1038 632 1086 719 αὐς
1115 633 1201 720 πρὸς
1229 626 1313 706 όλον
1342 639 1407 704 τοῦ
1428 633 1558 717 παντός

249 735 492 857 ἐνεστηκότος.
498 743 630 820 αἰῶνος.
673 730 766 808 οῦτω
794 735 834 825 δὴ
861 741 915 806 καί
943 733 985 805 τό
1011 731 1131 854 μικρόν
1159 740 1223 806 τοῦ
1250 739 1333 804 θεοῦ
1355 731 1444 804 πολύ
1466 739 1558 804 ἐστιν

249 831 298 917 39
319 835 405 924 πρὸς
427 832 521 925 ἡμᾶς,
544 845 598 906 καὶ
620 837 707 908 αἰαύν
729 840 821 908 ἐστιν
844 829 925 918 όλος
946 832 988 906 τό
1007 833 1127 923 μικρὸν
1142 862 1203 903 του
1189 839 1309 904 ’θεοῦ
1346 832 1404 905 ἐὰν
1420 837 1558 922 λέγηται

250 935 322 1004 σῦν·
352 931 493 1022 »βάδιζε
465 931 599 1018 ελαός
620 963 700 1023 μου,
728 940 858 1007 είσελθε
881 941 927 1017 εἰς
949 932 991 1004 τὰ
1013 931 1144 1023 ταμιεῖά
1167 957 1241 1017 σου,
1269 927 1472 1004 ἀπόκλεισον
1493 932 1558 1022 τὴν
1590 934 1594 943 ’

214 1050 230 1102 5
249 1031 360 1122 θύραν
375 1059 445 1118 σου,
469 1031 685 1124 άποκρῦβηθι
699 1033 822 1126 μικρόν
838 1028 920 1107 ὅσον
936 1028 1047 1118 όσονι,
1063 1031 1104 1104 τό
1120 1031 1240 1121 μικρὸν
1256 1034 1363 1102 έκεῖνο
1379 1039 1557 1121 νομιστέον

248 1138 405 1220 λέγεσθαι
432 1129 472 1206 οῦ
497 1132 584 1262 πρὸς
611 1133 676 1253 την
698 1141 807 1223 σχέσιν
829 1163 893 1207 του
877 1139 1133 1223 κελευομένου
1140 1137 1297 1254 βαδίζειν
1319 1137 1373 1200 καὶ
1396 1138 1557 1204 εἰσελθεῖν

248 1237 295 1314 εἰς
317 1231 359 1303 τὰ
380 1251 511 1321 ταμιεῖα
535 1235 665 1316 ἑαυτοῦ,
689 1231 774 1306 άλλῦ
789 1234 875 1324 πρὸς
891 1233 954 1323 τὴν
969 1240 1078 1322 σχεσιν
1094 1237 1156 1303 τοῦ
1170 1228 1256 1302 αὐτὰ
1271 1227 1557 1319 προστάσσοντος,

248 1360 277 1420 ῳ
308 1327 429 1420 μικρόν
458 1337 529 1404 έστι
559 1333 600 1406 τό
632 1331 748 1423 τούτῳ
779 1331 874 1404 πολύ.
918 1339 946 1404 εἰ
971 1331 1072 1422 γὰρ»
1059 1327 1183 1414 »ἕως
1164 1360 1207 1402 αν
1227 1325 1424 1418 παρέλθῃ
1406 1360 1425 1401 ο
1448 1329 1556 1420 θυμός

248 1435 309 1519 τῆς
332 1425 449 1520 όργῆςι
469 1440 532 1506 τοῦ
555 1440 647 1518 θεοῦ,
671 1441 721 1506 δεῖ
739 1460 835 1516 τινας
857 1436 1020 1505 εἰσελθεῖν
1043 1437 1088 1513 εἰς
1110 1429 1152 1501 τά
1176 1448 1307 1518 ταμιεῖα
1330 1430 1471 1511 εαυτῶν,
1495 1437 1556 1501 είοὶ

197 1535 284 1599 1001
311 1530 397 1613 οίς»
386 1527 461 1602 »οῦκ
488 1527 623 1618 άφίεται
650 1532 694 1603 τὰ
716 1528 936 1622 ἁμαρτήματα
959 1527 1000 1603 οὐ
1020 1529 1129 1620 μόνον
1150 1526 1233 1616 παρ’
1256 1522 1340 1600 όλον
1361 1527 1425 1599 τόν
1447 1535 1556 1600 αἰῶνα

249 1635 377 1701 τοῦτον
404 1627 490 1702 άλλά
519 1637 575 1701 καὶ
605 1627 687 1716 παρ’
720 1625 804 1703 ῦλσν
833 1630 897 1703 τὸν
926 1636 1114 1720 μέλλοντας
1146 1635 1251 1719 δῆλον
1282 1621 1337 1699 ότι
1367 1625 1407 1698 τό
1434 1629 1555 1718 μικρὸν

248 1747 321 1812 τοῖς
343 1735 529 1818 εἰρημένοις
550 1737 811 1856 παρεκτείνεται.

333 1842 379 1900 11.
412 1829 534 1902 »Δότει
568 1822 629 1900 οὐν
662 1835 784 1918 »κυρίῳ
817 1821 867 1918 τῳ
898 1835 970 1917 θεῷ
1001 1824 1097 1917 ἡμῶν
1130 1825 1263 1912 δόξανι.
1314 1833 1389 1909 πῶς
1419 1833 1554 1917 δίδομεν

247 1935 352 2017 κυρίῳ
390 1936 442 2020 τῷ
478 1937 550 2018 θεῷ
582 1925 678 2018 ἡμῶν
709 1926 831 2012 δόξαις
873 1925 935 1997 οὐκ
966 1932 1002 1998 ἐν
1032 1947 1161 2014 φωναῖς
1191 1932 1247 1995 καὶ
1278 1932 1431 2012 λεξιδίοις
1463 1935 1552 2015 ζητῶ

196 2043 228 2096 15
248 2025 288 2098 τό
315 2024 446 2100 διδόναι
471 2036 576 2117 κυρίῳ
604 2035 655 2118 τῷ
683 2035 755 2119 θεῷ
777 2031 788 2117 ΙΙ
808 2025 904 2116 ἡμῶν
927 2023 1038 2112 δόξαν,
1062 2022 1139 2098 ἀλλ’
1162 2031 1199 2097 έν
1221 2022 1380 2113 πράξεσιν
1401 2020 1420 2097 ό
1442 2027 1554 2110 διδούς
1575 2038 1625 2094 202

247 2123 350 2248 δόξαν
378 2135 484 2217 κυρίῳ
517 2135 567 2216 τῷ
598 2134 671 2218 θεῷ
704 2133 820 2199 δίδωσι
847 2122 950 2213 δόξαν
979 2122 1082 2216 αὐτῷ.
1123 2129 1160 2196 ἰν
1182 2123 1386 2246 σωφροσύνη
1409 2121 1553 2211 δόξασαν

246 2224 309 2298 τὸν
330 2223 423 2312 θεόν,
446 2231 483 2300 ἐν
505 2197 707 2314 δικαιοσύνη,
730 2230 768 2296 ἐν
788 2223 920 2318 εὐποιίᾳ
942 2198 1086 2313 δόξασόν
1107 2225 1171 2298 τόν
1191 2221 1287 2297 θεόν·
1311 2221 1552 2315 δόςδόξαντῷ

246 2335 318 2417 θεῷ
349 2331 387 2398 έν
417 2323 553 2420 άνόρείῳ
583 2336 639 2398 καί
668 2323 833 2414 ὐπομονῇ,
865 2323 923 2409 δός
953 2324 1057 2412 δόξαν
1086 2332 1137 2415 τῷ
1168 2331 1241 2414 θεῷ
1272 2319 1475 2416 ένεῦσεβείηι
1496 2333 1553 2396 καὶ

246 2421 399 2516 ὁσιότητι
419 2433 475 2498 καὶ
496 2445 571 2509 ταῖς
592 2436 726 2508 λοιπαῖς
748 2421 890 2514 ἀρεταῖς.
928 2431 956 2497 εἰ
979 2430 1014 2495 δε
1038 2432 1146 2496 ταῦτα
1168 2417 1280 2545 ρῦτως
1302 2425 1367 2511 ἔχει
1388 2453 1444 2494 και
1459 2418 1552 2495 οῦτω

195 2537 229 2592 20
247 2523 378 2613 δοξάζει
408 2555 460 2610 τις
486 2525 550 2597 τόν
571 2523 669 2609 θεόν,
701 2525 812 2597 έάν”
782 2555 867 2597 ειπω
889 2525 992 2596 τάν
955 2529 992 2596 έν
993 2533 1108 2608 αντία,
1137 2523 1182 2613 μὴ
1205 2518 1327 2643 δόξητέ
1345 2549 1386 2612 με
1406 2533 1553 2612 βλασφη-

245 2643 331 2714 μεῖν·
361 2623 516 2715 μάρτνρα
547 2625 609 2716 γὰρ
638 2622 846 2715 παραστήσω
876 2621 1043 2696 κάκείνων
1072 2623 1137 2712 τὴν
1168 2619 1308 2712 γραφήν.
1353 2617 1371 2692 3
1402 2623 1554 2710 σαόφρων

159 2743 229 2798 2631
248 2720 379 2811 δοξάζει
410 2723 473 2796 τόν
503 2721 597 2808 θεόν,
625 2735 629 2810 Ι
658 2720 676 2796 3
708 2722 967 2796 ἀκολασταίνων
998 2719 1146 2813 άτιμάζει
1177 2720 1240 2792 τόν
1270 2718 1363 2792 θεόν.
1405 2721 1469 2792 τόν
1490 2722 1553 2811 γὰρ

248 2823 330 2894 ναόν
359 2830 423 2896 τοῦ
453 2831 538 2897 θεοῦ
569 2821 617 2908 ‹39
640 2820 944 2913 Ναβουχοδονόσορ
973 2827 1199 2910 καταστρέφει
1227 2827 1283 2889 καὶ
1312 2827 1459 2909 »φθείρει
1489 2819 1552 2892 τόν

249 2920 332 2994 ναόν
361 2929 425 2994 τοῦ
454 2931 552 2996 θεοῦ
580 2930 634 2994 καί
665 2922 732 2995 »διὰ
753 2928 815 3013 τῆς
836 2920 1055 3010 παραβάσεως
1077 2927 1141 2992 τοῦ
1163 2916 1269 3008 νόμον
1290 2918 1354 2990 τόν
1375 2918 1461 2990 θεὸν
1484 2917 1553 2992 άτι·

194 3039 226 3095 25
244 3019 349 3110 μάζεκ
375 3027 474 3112 (λέξις
501 3027 571 3095 ἐστὶ
592 3031 647 3094 καί
670 3016 754 3111 αῦτη
777 3019 1007 3111 άποστολικὴ).
1051 3016 1177 3092 οὐκοῦν
1199 3016 1336 3106 ἀδοξίαν
1358 3027 1552 3108 περιτίθησι

245 3128 295 3211 τῷ
327 3128 400 3212 θεῷ
433 3117 456 3194 3
482 3117 693 3212 άμαρτωλός.
735 3129 790 3192 καὶ
821 3121 863 3192 τά
894 3130 970 3206 περὶ
999 3128 1164 3209 προνοίας
1196 3129 1351 3207 ζητεῖται,
1380 3115 1426 3200 δίς
1456 3147 1552 3202 τινας

245 3218 412 3308 διστάζειν
448 3228 476 3293 εί
510 3225 581 3293 ἔστι
610 3217 756 3308 πρόνοια
788 3217 968 3310 [πρόνοια1,
1005 3215 1045 3290 δι’
1076 3215 1174 3289 οὐδὲν
1206 3216 1291 3290 ἄλλο
1323 3213 1371 3302 οῦς
1402 3219 1456 3290 διὰ
1486 3217 1551 3307 τὴν

244 3329 372 3393 κακίαν.
416 3320 514 3392 ἄνελε
535 3320 601 3410 τὴν
621 3329 752 3406 κακίαν,
776 3327 831 3391 καὶ
854 3316 895 3391 οὐ
916 3314 1207 3408 προσκόπτεις-τῇ
1229 3325 1383 3410 προνοίᾳ.
1419 3317 1492 3389 άνω
1516 3325 1550 3390 δὲ

329 3566 348 3620 4
365 3564 419 3622 όεε.
433 3567 475 3632 26,
493 3568 534 3623 20.
552 3597 585 3605 -
603 3566 657 3624 011.
675 3564 859 3636 0810126,
876 3565 917 3620 20.
936 3593 968 3602 -
989 3564 1028 3620 10
1047 3562 1224 3633 1731100111.
1238 3563 1333 3630 1332.
1348 3563 1466 3620 -143
1485 3561 1549 3634 Vgl.

242 3649 271 3704 in
294 3651 307 3703 Ι
325 3651 388 3706 Kor.
406 3653 428 3714 1,
446 3652 479 3706 29
502 3650 571 3720 (eat.
589 3649 677 3706 Cram.
694 3650 728 3718 V,
745 3651 786 3714 31,
804 3649 888 3718 1833
913 3649 962 3703 καί
983 3645 1056 3702 κατὰ
1080 3645 1172 3718 σάρκα
1195 3645 1249 3703 είσί
1267 3648 1353 3716 σοφοί
1370 3643 1399 3702 οί
1414 3645 1488 3712 λέξει
1505 3646 1549 3704 διὰ

245 3733 271 3804 [l.
293 3734 407 3804 λεξίόια]
429 3734 506 3804 μόνα
528 3733 749 3804 μεμελετηκότες
771 3735 820 3790 καί
841 3733 1074 3798 καλλωπίζοντες.
1096 3761 1129 3769 -
1148 3731 1258 3802 Vgl.in
1276 3731 1288 3784 1
1306 3731 1370 3787 Κατ.
1388 3733 1461 3793 317
1480 3731 1549 3800 (Cat.

242 3818 329 3873 Cram.
348 3819 381 3885 V,
398 3821 439 3884 64,
457 3819 543 3886 32ff.):
571 3819 656 3885 δόξαν
683 3817 712 3874 δὲ
739 3813 796 3889 ἔχει
823 3818 940 3874 πλείονα
964 3815 981 3884 ἢ
1005 3812 1152 3881 έλιίττονα,
1177 3812 1301 3871 ότιοιῶν
1319 3812 1490 3882 δοξάζεσθαι
1514 3813 1548 3869 τό

242 3897 335 3970 ὄνομα
361 3911 412 3958 τοῦ
439 3900 469 3959 έν
495 3909 555 3967 τοῖς
577 3899 710 3974 οὐρανοῖς
733 3900 848 3975 Πατρός
870 3899 915 3957 διὰ
938 3897 989 3965 τὰς
1015 3897 1130 3972 πράξεις
1157 3897 1244 3956 αὐτοῦ
1375 3895 1409 3954 οὐ
1434 3898 1549 3954 όίναται

240 3987 338 4054 μέντοι
363 4006 396 4058 γε
423 3981 496 4058 ἔχων
521 4005 564 4052 τις
585 3994 695 4057 πνεῦμα
717 3982 859 4057 ἁμαρτίας
875 3982 952 4049 τινός
970 3977 1042 4039 εἶναι
1060 3981 1130 4050 ναός
1155 3987 1235 4040 θεοῦ.
1253 4015 1287 4025 -
1310 3982 1548 4054 28V31.Jerem.

241 4071 337 4134 5213.
355 4101 387 4110 -
405 4070 470 4141 Vgl.
490 4071 578 4124 IKor.
592 4073 615 4134 3,
628 4073 669 4126 11.
687 4100 720 4110 —
739 4071 779 4125 24
796 4070 860 4140 Vgl.
872 4069 949 4124 Rom.
962 4069 987 4136 2,
999 4069 1040 4123 23.

324 4290 342 4345 0
359 4288 463 4360 σχέσιν]
475 4294 607 4344 naturam
619 4288 644 4342 H
656 4289 700 4358 (==
712 4285 795 4358 φύσιν
806 4288 831 4355 2)
846 4289 851 4356 Ι
865 4288 883 4343 8
901 4277 924 4362 ᾧ
942 4287 1013 4341 nach
1030 4284 1068 4341 H:
1087 4287 1136 4340 33'
1153 4283 1169 4342 3
1181 4287 1199 4340 S
1214 4288 1219 4356 Ι
1234 4289 1253 4343 2
1267 4283 1375 4342 ἑαυτῶν
1387 4286 1465 4340 Β1εεε
1477 4285 1549 4340 nach

240 4375 277 4429 H:
295 4392 349 4428 ειια
366 4370 468 4430 ἑαυτοῦ
485 4373 523 4442 Sl
539 4375 577 4430 10
596 4371 687 4442 ἡμῶν]
706 4372 762 4442 vgl.
781 4389 814 4426 zu
832 4372 857 4426 S.
875 4373 964 4436 03,19
981 4375 1066 4424 vestro
1083 4370 1109 4425 H
1128 4373 1132 4436 Ι
1147 4372 1259 4440 δίδομεν
1278 4372 1356 4426 ΒΙεεε
1373 4373 1488 4439 όιόαμεν
1505 4371 1523 4425 S
1543 4380 1545 4435 Ι

240 4459 275 4514 14
293 4459 436 4525 λεξειόίοις
450 4457 468 4512 S
483 4460 487 4526 Ι
504 4459 583 4523 18110
601 4455 728 4530 εὐσεβείᾳ
747 4457 796 4511 καί
814 4451 947 4524 ὁσιότητι]
966 4455 1022 4525 vgl.
1035 4455 1072 4509 H:
1086 4455 1195 4524 μίιίαίο,
1214 4456 1353 4522 sapientia
1370 4454 1481 4530 εὐποιία
1499 4457 1548 4511 καί

240 4539 365 4611 όσιότητι
378 4544 394 4597 S
410 4545 414 4610 l
432 4543 467 4598 10
484 4544 673 4611 ταῦτα-καί]
693 4540 763 4600 <Η
778 4546 782 4608 Ι
798 4541 834 4596 21
853 4540 974 4610 γραφήν]
988 4548 1019 4603 -1-
1032 4539 1162 4607 ηιισυιοιίο
1176 4539 1200 4592 Η
1216 4541 1218 4606 1
1236 4539 1274 4594 25
1294 4537 1405 4610 οὐκοῦν]
1418 4546 1451 4605 -1-
1462 4543 1547 4610 303-

238 4627 304 4695 βοαί
323 4627 412 4680 Deum
422 4627 518 4695 3333
529 4627 562 4690 H,
580 4626 653 4681 wohl
670 4625 772 4696 richtig
789 4625 854 4695 (vgl.
873 4625 898 4678 Z.
917 4624 960 4691 21)
976 4632 980 4684 Ι
996 4623 1032 4678 21
1054 4623 1189 4696 ιιρόνοια2
1206 4623 1319 4678 είιείαίιί
1331 4625 1374 4680 Hu
1392 4627 1463 4681 nach
1479 4628 1513 4683 H.

292 4710 410 4766 Origenes
423 4711 467 4756 111.
1318 4711 1332 4762 7
