3694 5542
296 468 357 530 252
692 459 831 530 Origenoe'
849 461 1207 532 magelioderkommontar.

296 629 509 711 συντρίβεται
529 620 795 712 »λεπτυνόμενος
817 619 865 706 ῶς
885 631 989 712 χνοῦς
1010 623 1097 695 κατὰ
1118 619 1309 712 πρόσωπον
1328 616 1463 711 όνέμου,
1485 617 1604 704 καλῶς

296 719 407 810 πηλὸς
428 729 604 793 πλατειῶν
625 721 895 812 λεπτυνόμενος.
930 719 1109 812 ἀναλόγως
1130 723 1194 812 γὰρ
1218 713 1269 792 ῶν
1290 718 1528 812 ἁμαρτάνομεν
1549 727 1604 793 καὶ

298 827 460 908 τρέφεται
485 829 541 892 καί
569 818 713 912 δύναμιν
739 825 834 909 ἴσχει,
862 830 927 896 τοῦ
953 827 989 892 δὲ
1015 832 1222 913 πλημμελεῖν
1248 827 1476 912 πεπαυμένων
1499 826 1603 894 οίονεί

298 926 387 1010 λιμῶ
409 923 654 1012 διαφθείρεται.
701 925 739 992 ἐκ
761 927 796 993 δέ
818 929 894 994 τῶν
915 926 1085 994 ἐναντίων
1106 921 1168 1005 τὰς
1190 926 1285 1004 θείας
1306 917 1464 1011 δυνάμεις
1486 914 1523 992 εῦ
1543 927 1605 1011 μὲν

264 1017 514 1111 δπρόττοντες
555 1017 634 1110 ἡμῖν
670 1017 786 1104 αῦτυις
816 1021 1012 1112 ἐνισχόομεν
1046 1027 1101 1094 καί
1138 1022 1307 1110 διοόκομεν
1342 1015 1605 1109 άμαρτάνοντες.

298 1117 415 1210 διόπερ
451 1114 471 1191 ό
511 1119 693 1210 Σύμμαχος
729 1115 806 1192 άντί
843 1129 906 1194 τοῦ
945 1117 1214 1212 ἠφανισμέναι
1254 1124 1419 1207 ἐξέδωκεν
1459 1123 1606 1210 ἔρημοι.

298 1226 389 1306 λέγοι
415 1212 450 1289 δ’
472 1216 515 1288 ἂν
537 1226 645 1291 ταῦτα
667 1221 757 1310 ψυχὴ
779 1221 978 1312 θεωρητικὴ
1000 1218 1210 1311 τυγχάνουσα
1232 1215 1422 1309 τοῦλόγου
1444 1225 1504 1310 τῆς
1527 1215 1607 1309 άλη-

298 1326 394 1401 θείας
425 1325 482 1391 καί
512 1319 567 1391 διὰ
598 1321 769 1413 ῥᾳθυμίαν
801 1319 865 1393 τόν
887 1316 1117 1411 εὐφραίνοντα
1140 1327 1267 1392 τοῦτον
1286 1315 1479 1393 ἀπολέσασα
1501 1316 1608 1410 λόγον

297 1425 352 1488 καὶ
380 1414 512 1502 πάντας
537 1420 619 1501 τοὺς
640 1417 806 1512 καρποῦς,
828 1419 939 1504 υίοῦς
961 1415 1066 1510 αὐτῆς
1086 1429 1368 1511 χρηματίζοντος,
1391 1418 1445 1490 διὰ
1468 1414 1605 1490 τὸκατ’

247 1529 281 1584 10
298 1513 403 1608 αὐτῆς
424 1518 575 1609 ἐχθρὰν
597 1519 662 1609 τιΙν
683 1525 804 1591 κακίαν
825 1522 1094 1609 δεδυναμῶσθαι.

641 1705 698 1772 Nr.
719 1705 861 1772 XXXVI.
904 1707 1027 1792 Klagel.
1042 1706 1063 1771 J
1066 1729 1157 1773 erem.
1175 1715 1200 1786 1,
1218 1713 1264 1773 17.

380 1850 491 1922 Σιῶν
522 1873 604 1940 φησι
631 1850 672 1922 τὸ
699 1844 793 1942 ὄρος,
815 1851 879 1924 τόν
906 1857 941 1924 δὲ
968 1850 1054 1924 λαόν
1075 1847 1221 1936 Ἰακῶβ,
1250 1851 1315 1941 τὴν
1341 1857 1377 1923 δὲ
1396 1847 1609 1941 μητρόπολιν

230 1999 233 2006 -
296 1945 556 2040 Ἰερουσαλήμ.
599 1953 837 2024 ἐνετείλατο
869 1956 904 2021 δέ
936 1945 955 2023 ό
984 1949 1068 2032 θεὸς
1098 1958 1153 2042 τῷ
1175 1947 1312 2036 ’ίακῶβ
1338 1950 1483 2034 ἐντολὰς
1505 1946 1545 2022 δι’
1568 1947 1608 2032 ἃς

296 2055 591 2139 παραβαινομένας
616 2047 673 2122 ὕπ’
696 2055 833 2140 ἐχθρῶν
858 2049 1052 2140 ἐκυκλῶθη,
1080 2050 1167 2121 κατὰ
1190 2055 1225 2121 δὲ
1247 2049 1430 2140 Σύμμαχον
1451 2056 1506 2122 καὶ
1527 2047 1607 2120 καθ’

247 2168 282 2221 15
300 2151 419 2238 ἑτέραν
434 2151 569 2221 ἔκδοσιν
584 2157 658 2221 τῶν
669 2145 918 2240 Ἑβδομήκοντα
933 2153 1168 2222 ἐνετείλατο
1183 2148 1320 2239 κύριος
1335 2149 1467 2242 κῦκλῳ
1484 2145 1608 2222 αὐτοῦ

298 2257 488 2338 γενέσθαι
518 2250 613 2333 τούς
644 2257 868 2333 θλίβοντας
900 2245 1038 2332 αῦτόν,
1070 2249 1197 2338 δηλαδὴ
1229 2268 1302 2332 ταῖς
1334 2256 1380 2332 είς
1409 2249 1451 2320 τό
1479 2255 1607 2321 κακοῦν

300 2355 519 2441 τεταγμέναις
542 2347 729 2439 δυνάμεσιν.

635 2519 690 2586 Nr.
712 2519 870 2586 XXXVII.
914 2519 1037 2604 KIageI.
1052 2518 1166 2584 Jerem.
1185 2527 1209 2598 1,
1228 2526 1274 2585 17.

385 2664 428 2736 Τό
455 2671 516 2754 τῆς
537 2659 749 2755 Ἰερουσαλὴμ
776 2660 817 2735 δι’
840 2659 1004 2754 άμαρτίας
1027 2659 1228 2750 ἀκάθαρτον
1251 2661 1299 2748 ῶς
1321 2660 1362 2736 δι’
1386 2660 1536 2754 άφέδρυυ
1557 2671 1606 2734 δε-

247 2761 463 2854 λθδήλωκευ.
507 2761 582 2836 άνὰ
615 2772 737 2855 μέσον
768 2771 803 2836 δέ
834 2771 922 2854 λέγει
953 2759 974 2852 ἢ
1004 2769 1067 2852 τῆς
1093 2764 1203 2833 Σιῶν
1233 2769 1288 2834 καί
1315 2769 1378 2835 τοῦ
1408 2759 1553 2850 Ἰακώβ,
1584 2760 1607 2853 ἢ

300 2857 384 2935 όλου
406 2870 467 2954 μὲν
490 2870 553 2936 τοῦ
575 2858 677 2956 ὄρους
698 2873 780 2956 μέση
801 2869 850 2952 (ἐν
871 2873 962 2954 μέρει
984 2862 1046 2952 γὰρ
1069 2859 1176 2934 αῦτοῦ
1198 2859 1437 2953 ᾠκοδόμηται),
1465 2857 1550 2936 όλου
1571 2869 1605 2933 δὲ

299 2970 363 3036 τοῦ
390 2971 489 3048 λαοῦ,
513 2971 576 3036 νῦν
602 2972 708 3038 τοῦτο
736 2970 962 3055 σημαίνοντος
983 2958 1130 3045 Ἰακῶβ,
1158 2961 1203 3031 τὰ
1224 2966 1422 3034 δυοκαίδεκα
1444 2969 1606 3053 σκῆπτρα.

300 3069 401 3150 διχῶς
431 3069 466 3134 δὲ
493 3065 581 3136 κατὰ
608 3069 741 3151 λέξιν
726 3089 795 3136 εστι
818 3071 933 3147 λαβεῖν
954 3061 1020 3152 τὴν
1042 3063 1151 3132 Σιῶν
1171 3067 1227 3132 καί
1246 3061 1310 3151 τὴν
1339 3057 1605 3152 Ἰερουσαλήμ.

299 3158 321 3250 ιΙ
357 3163 438 3246 τούς
476 3161 608 3246 τόπους
638 3161 660 3253 ἢ
691 3165 772 3246 τοῦς
808 3161 998 3252 οἰκήτορας
1046 3155 1120 3232 ἀλλ’
1148 3165 1177 3230 εἰ
1214 3165 1275 3250 μὲν
1256 3160 1419 3244 ντόπος
1449 3157 1471 3251 ἡ
1500 3161 1606 3244 Σιῶν,

248 3277 433 3352 λοχεῑρας
460 3258 582 3352 αὐτῆς
609 3264 653 3334 τὰ
676 3267 769 3353 ἔργα,
797 3261 874 3335 οίον
901 3267 1046 3351 γεωργία
1068 3268 1123 3331 καί
1147 3263 1176 3329 ει
1197 3288 1231 3330 τι
1250 3270 1503 3378 χειροποίητον,
1527 3267 1606 3351 φησὶ

301 3369 672 3453 διαπεπετασμένας
702 3371 758 3434 καί
790 3359 830 3434 οῦ
857 3365 1146 3449 συνεστραμμένας
1174 3354 1252 3430 οῦδὲ
1278 3357 1319 3430 τό
1346 3363 1522 3450 πρέπον”
1507 3387 1607 3449 εργον

297 3467 388 3548 χερσί
418 3468 637 3550 ποιουμένας,
671 3459 719 3546 ῶς
746 3468 783 3534 ἐν
810 3459 902 3551 όργῶ
925 3467 979 3532 καί
1002 3455 1115 3549 ἐρήμῳ
1138 3465 1180 3546 τῇ
1202 3457 1303 3550 χῶρᾳ.
1346 3464 1432 3532 εἰδὲ
1454 3459 1535 3541 τοῦς
1557 3463 1607 3530 ἐν·

300 3565 481 3642 οικοῦντας
504 3567 601 3651 λέγει,
623 3582 729 3651 χεῖρες
752 3559 794 3632 ἂν
815 3564 882 3632 είεν
903 3567 1046 3650 γεωργοὶ
1067 3564 1123 3628 καί
1138 3555 1285 3645 ἐργάται,
1304 3557 1349 3648 μὴ
1367 3565 1607 3640 συστέλλοντες

300 3662 346 3740 εἰς
373 3663 451 3750 ἔργα
474 3661 536 3744 τὰς
557 3681 667 3749 χεῖρας
689 3663 744 3734 διὰ
766 3661 809 3732 τὰ
831 3656 1048 3750 περιστάντα.
1091 3662 1120 3727 εί
1142 3661 1178 3726 δὲ
1200 3662 1261 3745 τῆς
1283 3658 1380 3727 Σιῶν
1399 3676 1505 3746 χεῖρες
1527 3685 1606 3744 τρο-

249 3767 548 3848 3οπολσγοῦνται,
578 3757 676 3850 πόσῳ
709 3768 838 3851 μᾶλλον
859 3766 870 3850 ΙΙ
891 3759 934 3832 τά
963 3755 1050 3829 κατὰ
1077 3755 1142 3845 τὴν
1163 3755 1299 3844 γραφὴν
1320 3763 1404 3845 μέλη
1426 3763 1491 3828 τοῦ
1513 3762 1606 3828 θεοῦ.
1631 3776 1685 3830 334

300 3865 355 3928 καὶ
378 3856 462 3930 αῦτό
485 3866 520 3930 δὲ
543 3858 584 3931 τό
608 3855 696 3951 ὄρος,
720 3857 768 3942 ῶς
790 3867 906 3934 εἰπεῖν.
928 3862 1013 3949 μετὰ
1036 3867 1098 3933 τοῦ
1122 3864 1246 3940 έθνσυς
1268 3853 1428 3942 στενάζει.
1452 3851 1514 3927 οῦκ
1529 3857 1608 3944 ἐχον

303 3961 348 4040 είς
369 3968 590 4050 παραμυθίαν
613 3957 653 4032 οῦ
675 3957 770 4035 θεόν,
794 3957 855 4048 οόχ
878 3953 975 4048 άγιον
997 3961 1112 4048 ἄνδρα.

387 4128 402 4183 1
426 4129 487 4198 vgl.
506 4131 579 4185 Pnal.
601 4133 640 4196 17,
658 4132 700 4184 43.
718 4128 844 4186 -291ί,
862 4129 926 4200 vgl.
945 4149 978 4185 zu
996 4131 1021 4184 S.
1040 4131 1098 4194 250,
1116 4130 1166 4184 ὅθ’.

385 4278 403 4332 4
420 4271 461 4349 εὖ]
480 4277 514 4334 τὰ
533 4275 631 4350 ἀγαθὰ
651 4279 694 4333 Gh
709 4280 746 4344 Ιῦ
767 4277 939 4350 ἐνισχέωμεν
957 4281 1005 4335 καί
1023 4275 1170 4348 διώκωμεν
1189 4278 1254 4346 οΙδ
1276 4273 1453 4346 ηρανισμένη
1472 4269 1611 4346 οΙέριΙμη

302 4379 316 4416 υ
332 4367 335 4430 Ι
353 4362 391 4419 10
409 4365 469 4434 τὴν]
488 4373 521 4424 <
540 4366 573 4431 αΙ
590 4363 629 4420 15
648 4357 783 4426 έκδοῑσιν
801 4367 840 4432 ο*,
858 4367 910 4434 χην
932 4383 955 4419 a.
968 4365 999 4420 R.
1019 4369 1045 4420 υ1
1061 4367 1065 4433 Ι
1083 4365 1118 4420 16
1135 4361 1226 4420 κακὸν
1244 4361 1332 4427 0121
1351 4357 1418 4424 τοῦς
1437 4353 1522 4430 δρους
1538 4355 1611 4427 μέση

301 4449 341 4515 οΙ
362 4446 401 4505 24
419 4449 454 4518 είΙ
474 4448 489 4518 ιΙ
508 4468 525 4506 ο
545 4451 550 4518 Ι
569 4449 595 4518 ιΙΙ
615 4445 648 4517 ἦν
666 4449 696 4502 ο*
717 4446 750 4518 ἦν
767 4449 784 4518 ἡ
803 4453 830 4502 οι
845 4451 849 4518 Ι
866 4451 902 4506 25
925 4443 988 4505 οίον
1006 4449 1140 4520 γεωργίαΙ
1159 4457 1192 4508 <
1210 4447 1297 4514 σΙΞλ
1320 4443 1428 4517 χερσίν]
1447 4448 1471 4497 0¹
1493 4442 1560 4498 αΒ.
1578 4451 1611 4500 <

302 4535 331 4586 ο*
350 4540 479 4604 χερσεῐο
504 4535 507 4600 Ι
532 4531 611 4606 ἀργῷ
631 4534 709 4587 Βίεειε
727 4531 806 4606 ἀγρῷ
825 4551 861 4588 co
886 4537 890 4600 Ι
914 4535 955 4590 80
972 4532 1006 4590 τὰ
1026 4535 1069 4587 Gh
1087 4533 1120 4589 τὸ
1139 4551 1175 4588 σο
1196 4537 1200 4602 Ι
1220 4532 1260 4588 82
1285 4529 1336 4600 οὐχ
1361 4529 1423 4583 ναί.
1443 4545 1483 4598 gr.
1502 4527 1612 4594 1153154

303 4616 355 4672 οῦκ
373 4634 416 4671 σο.
