3694 5542
561 475 611 530 Die
629 475 792 546 Fragmenta
810 493 858 531 aus
876 475 924 531 dor
942 475 1208 546 Prophetenkatene.

591 691 647 758 Nr.
671 691 778 759 XLIV.
822 691 944 776 KlageL
958 691 1073 759 Jerem.
1091 701 1116 772 1,
1131 699 1179 762 22.

311 835 589 927 Ἐπιφυλλίσαι
626 843 661 908 δὲ
697 838 737 910 τὸ
774 838 858 928 μετὰ
894 839 1068 928 τρυγητὸν
1100 839 1142 910 τό
1173 847 1294 931 βραχέα
1326 847 1400 912 τῶν
1434 871 1537 912 κατα-

231 945 452 1028 λειφθέντων
482 941 676 1028 ἐπιτρυχᾶν,
708 931 793 1029 ὅπερ
819 944 978 1010 ποιοῦσιν
1004 942 1037 1009 οί
1063 945 1213 1028 πένητες.
1257 937 1371 1030 ὥσπερ
1395 933 1457 1012 οῦν
1480 934 1537 1012 ὅτε

230 1046 291 1128 μὲν
314 1035 512 1122 ἐπεσκόπεις
533 1042 709 1128 ἐπιμελῶς,Ι
732 1036 910 1129 ἐκόθαιρες
933 1037 976 1108 τὰ
998 1035 1154 1128 κλήματό
1175 1068 1251 1128 μου,
1273 1037 1389 1113 πάντα
1411 1040 1455 1112 τό
1476 1050 1539 1130 χεί-

196 1155 314 1226 δρονα
343 1144 437 1228 μέχρι
467 1145 542 1211 των
570 1136 811 1229 σμικροτάτων
840 1144 1034 1258 περιαιρών
1054 1143 1128 1228 »τῆς
1152 1146 1328 1231 σταφυλῆς
1351 1146 1413 1230 τῆς
1434 1146 1540 1231 χολῆς

230 1245 286 1309 καὶ
315 1244 380 1310 τοῦ
408 1237 553 1330 βότρυος
581 1244 644 1328 τῆς
668 1246 828 1328 πικρίαςε,
859 1231 953 1310 οότω
977 1237 1057 1320 τοῦς
1078 1238 1178 1360 ἐμοὺς
1200 1239 1343 1328 ἐχθροὺς
1371 1238 1535 1327 ἐπιφῦλ·

231 1351 354 1410 λισον.
391 1343 497 1411 τοῦτο
520 1336 584 1459 γάρ
604 1367 663 1426 μοι
685 1345 863 1424 λυσιτελές,
887 1341 952 1428 εἶχε
974 1334 1045 1428 μετ’
1062 1335 1186 1420 αὐτοῦς
1205 1347 1346 1423 τελείως
1361 1347 1540 1423 σωθέντας

230 1435 325 1527 κᾶχώ
347 1437 436 1510 κατὰ
458 1437 522 1528 τὴν
544 1435 617 1529 σήν,
645 1429 675 1509 ιό
697 1435 799 1527 κύριε,
821 1445 932 1526 κρίσιν
953 1435 1113 1527 τεύξομαι
1135 1445 1315 1527 σωτηρίας·
1344 1435 1403 1522 οῦς
1425 1433 1540 1559 ὁρῶσα

232 1536 456 1658 λελῦπημαί
485 1567 523 1610 τε
554 1536 686 1627 σφόδρα
712 1545 768 1608 καὶ
792 1541 1012 1624 κατέγνωνέ
1012 1543 1155 1627 μαυτῆς,
1183 1543 1244 1627 τῆς
1270 1543 1457 1629 ἐπισκοπῆς
1478 1546 1541 1628 τῆς

181 1651 243 1708 10
230 1635 323 1726 παρὰ
345 1643 407 1709 σοῦ
427 1643 578 1726 δεομένη.

610 1792 667 1860 Nr
689 1793 783 1858 XLV.
826 1791 949 1876 Klagel.
965 1790 1078 1857 Jerem.
1095 1797 1123 1874 2,
1138 1799 1165 1860 3.

315 1931 455 2026 Ὅμοιον
491 1939 584 2028 παρὰ
612 1944 715 2023 Δαβίδ
749 1935 790 2009 τό
825 1935 958 2010 »πάντα
987 1935 1030 2008 τὰ
1060 1945 1187 2028 κέρατα
1219 1946 1292 2010 τῶν
1322 1934 1542 2031 ἁμαρτωλῶν

232 2035 462 2110 συνθλόσειτ.·
487 2043 574 2127 λέγει
598 2045 633 2110 δὲ
656 2043 718 2110 νῦν
740 2037 820 2119 τοὺς
842 2036 1020 2127 ἄρχοντας,
1043 2042 1081 2109 ἐν
1103 2037 1154 2122 οίς
1176 2033 1196 2128 ἦ
1219 2045 1283 2112 τοῦ
1305 2041 1428 2122 ἔθνους
1449 2039 1540 2129 ἰσχῦς

232 2133 391 2226 καθάπερ
410 2139 459 2210 Ιἐν
489 2157 563 2221 τοῖς
590 2136 814 2227 κερασφόροις
843 2143 917 2208 τῶν
947 2138 1062 2224 ζώων,
1093 2145 1150 2208 καὶ
1177 2135 1266 2210 διότι
1291 2143 1355 2210 τοῦ
1382 2137 1540 2228 σώματος

182 2249 214 2302 15
232 2241 332 2325 ἐξέχει
355 2236 446 2308 καθὰ
469 2243 543 2310 τιῦν
564 2234 727 2326 ῦπηκόων
749 2241 782 2308 οί
804 2237 975 2327 ἄρχοντες.
1011 2244 1067 2308 καὶ
1084 2236 1209 2326 Δανιὴλ
1232 2243 1267 2309 δὲ
1289 2237 1350 2320 τὰς
1371 2247 1540 2322 βασιλείας

233 2332 391 2408 ἀπείκασε
420 2343 564 2425 κέρασιν.
608 2343 708 2428 δηλοῖ
735 2343 770 2408 δὲ
798 2343 853 2408 καὶ
880 2334 945 2426 τὴν
970 2334 1163 2426 ὑπεροψίαν
1190 2345 1253 2407 τοῦ
1275 2335 1477 2427 ἡγεμονικοῦ
1498 2339 1540 2411 τό

231 2443 362 2525 κέρας,
393 2433 442 2519 ως
471 2441 507 2508 ἐν
536 2445 588 2528 τῷ
622 2436 684 2528 »μὴ
714 2441 869 2524 ἐπαίρετε
896 2439 942 2518 εἰς
968 2431 1055 2523 ῦφος
1082 2434 1123 2507 τό
1150 2444 1249 2525 κέρας
1275 2433 1400 2526 ῦμῶνι.
1443 2435 1540 2511 τίπο-

232 2543 408 2626 στρέφας
430 2529 493 2609 οῦν
516 2533 641 2610 αότοῦ
664 2535 728 2625 τὴν
751 2534 927 2625 σῴζουσαν
947 2555 1040 2625 χεῖρα
1063 2555 1135 2617 τοῖς
1157 2544 1332 2625 πολεμίοις
1347 2535 1541 2620 εὐαλώτους

233 2639 401 2726 ἐποίησεν,
432 2631 490 2719 οῦς
517 2637 558 2727 δὴ
579 2644 634 2711 καὶ
666 2634 795 2725 φλόγα
826 2633 959 2708 πάντα
990 2640 1199 2708 δαπανῶσαν
1229 2633 1393 2710 ἐκάλεσεν.
1438 2642 1544 2722 εἴποις

182 2747 216 2804 20
234 2729 266 2806 δ’
283 2733 326 2807 όν
347 2742 403 2806 καὶ
425 2741 495 2807 πᾶν
518 2740 631 2825 ἐξέχον
646 2731 754 2826 νόημα
772 2741 902 2821 κέρας,
924 2743 980 2807 καὶ
1002 2741 1079 2824 πῦρ
1101 2733 1145 2806 τὰ
1169 2732 1284 2825 »πάθη
1299 2742 1360 2827 τῆς
1380 2733 1543 2827 δτιμίαςτ,

235 2835 286 2918 οίς
313 2830 332 2905 ό
354 2842 565 2924 πλημμελῶν
586 2842 824 2925 παραδίδοται,
854 2841 985 2907 πᾶσαν
1014 2836 1089 2925 τὴν
1116 2840 1345 2908 κυκλοῦσαν
1375 2833 1545 2921 ἀπολέσας

235 2931 411 3056 βοήθειαν,
427 2932 516 3006 κατὰ
546 2933 587 3006 τό
621 2941 846 3025 »παρεμβαλεῑ
873 2933 1013 3024 ἅγγελος
1042 2943 1161 3023 κυρίου
1180 2933 1296 3024 κόκλφ
1321 2944 1395 3007 τῶν
1417 2943 1544 3023 φοβου-

234 3039 347 3123 μένων
369 3030 503 3106 αυτόνι.

603 3172 659 3238 Νι.
683 3171 791 3238 XLVI.
834 3173 957 3258 Klagel.
972 3172 1086 3238 Jerem.
1101 3177 1128 3250 λ,
1144 3181 1173 3238 4.

182 3327 215 3383 25
318 3323 383 3388 Καὶ
413 3317 476 3407 γὰρ
502 3321 539 3388 ἐν
565 3325 616 3408 τῷ
643 3325 717 3408 ναῷ
746 3315 807 3400 τὰς
836 3317 966 3406 σφαγὰς
992 3315 1182 3408 ἐτόλμησαν
1210 3320 1242 3388 οἱ
1267 3325 1437 3409 πολέμιοι,
1464 3343 1537 3409 συγ·
1564 3343 1615 3396 33ss

233 3423 432 3506 χωροῦντος
455 3423 517 3489 τοῦ
540 3422 632 3489 θεοῦ.
674 3423 789 3499 καλῶς
815 3421 852 3487 δὲ
873 3416 914 3489 τό
937 3413 990 3500 τός
1012 3413 1168 3506 ἐχθρός·
1199 3412 1240 3488 οῦ
1261 3415 1324 3507 γὰρ
1347 3423 1541 3508 έχθραίνων

233 3515 370 3604 κολάζει
391 3512 411 3588 ό
434 3515 526 3600 θεός,
550 3513 624 3589 ἀλλ’
642 3513 817 3606 ιόφελῆσαι
838 3512 1046 3606 βουλόμενος
1068 3511 1090 3606 ἢ
1112 3515 1193 3599 τοῦς
1212 3513 1407 3606 πάσχοντας
1422 3513 1444 3608 ἢ
1459 3518 1541 3600 τοῦ,Ὶ

234 3610 399 3705 δρῶντας.
434 3616 586 3707 σκηνὴν
608 3621 643 3688 δὲ
664 3628 763 3688 καλεῖ
781 3614 844 3688 τόν
867 3616 953 3688 ναόν
974 3615 1061 3688 κατὰ
1084 3615 1125 3689 τό
1145 3619 1180 3704 ἐξ
1196 3612 1297 3706 ἀρχῆς
1312 3613 1465 3708 όγίασμα,
1487 3627 1542 3690 καὶ

234 3713 357 3799 τόξον
378 3715 444 3805 τὴν
465 3715 699 3806 τιμωρητικὴν
722 3713 864 3806 δύναμιν
886 3713 934 3798 αός
956 3720 995 3787 έν
1016 3711 1215 3806 Ἄμβακοόμ·
1247 3719 1428 3789 »ἐντείνων
1450 3721 1542 3790 ἐντε-

182 3827 216 3882 30
234 3832 302 3896 νετς
332 3814 373 3887 τό
403 3812 510 3903 τόξον
531 3839 594 3888 σου
615 3819 669 3887 ἐπὶ
693 3814 735 3884 τό
758 3822 923 3905 σκῆπτρα,
947 3821 1036 3904 λέγει
1057 3815 1203 3905 κόριοςι,
1226 3815 1288 3899 τὰς
1311 3813 1543 3907 ἀντικειμένας

319 3984 337 4038 ι
360 3983 423 4054 vgl.
444 3983 566 4051 Joh.15,
584 3985 608 4038 2.
628 4014 661 4024 -
684 3986 703 4041 ε
726 3983 789 4055 vgl.
808 3983 886 4041 υιιι
906 3987 947 4050 32,
966 3987 1007 4040 ει.
1025 4015 1058 4024 -
1076 3986 1123 4042 ιι.
1146 3985 1336 4057 vg1.015mp.
1355 3986 1408 4054 (οι
1427 3987 1473 4052 ιιι,
1491 3987 1543 4047 ευ.

233 4099 266 4106 -·
285 4069 323 4124 12
342 4068 415 4122 Psal.
429 4071 523 4132 74,11.
540 4098 573 4108 -
591 4069 655 4126 151.
673 4067 737 4139 Vgl.
750 4069 820 4123 Dan.
831 4072 856 4137 8,
869 4071 885 4126 3
897 4069 980 4138 (LXX
994 4063 1043 4135 0⁹).
1062 4100 1094 4108 —
1113 4070 1150 4125 17
1171 4069 1243 4125 Psal.
1257 4072 1297 4132 74,
1310 4072 1334 4126 6.
1347 4097 1380 4106 -
1394 4069 1461 4126 ΙΠ,
1478 4069 1544 4139 Vgl.

233 4152 341 4224 Olymp.
355 4152 538 4222 (Gh111‚74):
561 4151 578 4221 ἢ
597 4149 613 4207 δ
631 4151 701 4219 θεὸς
717 4155 768 4222 τὴν
786 4151 874 4209 αὐτοῦ
892 4153 1011 4222 δύναμιν
1029 4150 1146 4223 ἐπέσχεν
1163 4155 1212 4208 καί
1230 4151 1282 4208 οίικ
1294 4150 1436 4223 ἐπήμυνεν
1448 4149 1545 4219 αῦτοῖς

233 4235 459 4308 πολεμουμένοις
479 4231 534 4292 ὑπὸ
557 4243 615 4292 τῶν
638 4233 758 4308 ἐχθρῶν.
784 4267 818 4278 -
845 4239 882 4293 20
908 4237 972 4308 vgl.
991 4237 1067 4292 Rom.
1082 4242 1104 4302 1,
1123 4239 1164 4293 26.
1191 4267 1224 4276 —
1250 4237 1290 4293 22
1316 4237 1484 4302 Psa1.33,a
1511 4268 1544 4276 -

235 4323 274 4378 28
293 4321 478 4392 Vg1.01ymp.
495 4323 550 4392 (Gh
567 4323 614 4390 111,
633 4325 688 4390 707:
706 4315 775 4377 καθ’
792 4317 919 4396 ἱστορίαν
936 4321 997 4392 μέν,
1017 4319 1104 4394 ἐντῷ
1123 4329 1191 4394 ναῷ.
1210 4353 1242 4360 -—
1261 4321 1298 4378 2⁰
1315 4321 1386 4377 Hah.
1403 4323 1428 4390 3,
1446 4324 1470 4378 9.

319 4466 439 4544 θδιτερ]
459 4467 474 4526 ὁ
492 4473 524 4542 δὴ
543 4489 559 4526 ο
575 4471 611 4539 λθ
633 4471 775 4542 τεύξομαι
792 4475 828 4541 ol
846 4474 884 4530 18
902 4473 920 4527 l.
939 4471 1186 4540 συνθλάσωίΙῙί
1204 4471 1273 4527 διότι
1292 4473 1322 4527 ο*
1341 4473 1373 4542 δὴ
1392 4467 1437 4528 δτι
1456 4477 1482 4528 ιιι
1502 4476 1544 4528 δεῖ

235 4551 278 4695 {3
294 4551 559 4711 Ξμὲςὲτίΐὲπρίρετε
576 4557 639 4612 Vat.
659 4575 698 4628 gr.
719 4559 829 4624 1153154
851 4555 1000 4629 ἐπαίρεται
1018 4574 1054 4612 σο
1081 4559 1087 4625 Ι
1112 4557 1147 4612 19
1165 4555 1278 4624 πάντας·
1294 4559 1481 4623 δαπανῶντας
1499 4576 1514 4612 o
1536 4558 1542 4626 Ι
