3702 5540
285 467 305 526 4
729 455 869 526 On'genes'
886 453 1147 511 Jeremiahomiliem

283 625 347 692 τοῦ
377 623 474 691 οἰκου
503 624 566 691 τοῦ
596 616 727 707 πατρὸς
754 615 878 690 αάτοῦε.
927 622 963 704 ἐξ
988 621 1185 706 ἐπαγγελίας
1211 621 1405 706 γεγέννηται
1431 608 1587 698 δἸσαάκ,

281 724 337 789 καὶ
360 714 419 806 οόχ
441 711 583 806 εύρομεν
605 714 683 790 οὐδὲ
705 715 791 805 πρὸς
811 713 919 789 αὐτὸν
941 723 1067 789 τοῦτον
1088 711 1270 806 λεγόμενον
1291 712 1355 786 τόν
1376 710 1489 803 λόγον.
1531 718 1586 784 καὶ

282 827 316 890 τί
336 846 375 908 με
397 825 449 890 δεῖ
466 822 662 906 καταλέγειν
683 823 760 906 περὶ
782 823 856 887 τῶν
878 818 968 907 ἑξῆς
987 811 1136 905 Ἱερεμίας
1155 819 1326 905 έξαιρέτου
1341 817 1435 902 ἔτυχε
1450 819 1585 900 δωρεᾶς,

281 923 342 1008 τῆς
371 914 456 1007 »πρὸ
479 923 543 989 τοῦ
562 946 602 1007 με
623 915 748 989 πλάσαι
770 939 806 987 σε
828 920 865 987 έν
885 921 997 1007 κοιλίᾳ
1019 919 1197 1003 ἐπίσταμαί
1219 935 1267 998 σε,
1293 919 1349 985 καὶ
1376 911 1445 1002 πρὸ
1468 916 1531 984 τοῦ
1549 936 1587 1002 Δσε

246 1041 262 1094 5
280 1021 431 1105 ἐξελθεῖν
452 1021 489 1088 έκ
510 1014 639 1108 μήτρας
661 1011 781 1106 ήγίακά
803 1037 868 1086 σει.

363 1143 391 1206 6.
423 1129 492 1204 Ούκ
518 1128 705 1219 ἀγνοοῦμεν
733 1125 789 1204 ότι
815 1137 924 1203 ταῦτα
950 1127 1156 1218 ἀναφέρουσι
1182 1158 1271 1212 τινες
1298 1125 1346 1212 οδς
1375 1137 1512 1218 μείζονα
1537 1131 1585 1198 Ἱε-

280 1237 393 1324 ρεμίου
423 1236 479 1303 ἐπὶ
512 1230 575 1304 τόν
601 1237 741 1321 σοοτήρα
771 1237 826 1304 καὶ
861 1228 979 1319 κύριον
1005 1225 1195 1320 ἡμῶνκαὶ
1220 1236 1333 1301 ἰστέον
1368 1223 1423 1300 ότι
1453 1228 1496 1299 τά
1525 1235 1586 1317 μέν

278 1330 390 1404 πολλὰ
417 1327 512 1420 αύτῷ
539 1330 673 1423 συνᾴδει
704 1339 759 1402 καί
786 1329 927 1402 δύναται
954 1323 1182 1418 ἀναφέρεσθαι
1208 1333 1263 1401 ἐπὶ
1290 1327 1353 1402 τόν
1379 1333 1533 1417 σωτῆρα,
1564 1324 1585 1396 ἀ

277 1429 532 1522 παραθήσομαι·
566 1425 663 1520 δλίγα
698 1435 736 1501 δέ
768 1459 847 1503 τινα
883 1437 956 1502 τῶν
993 1435 1177 1518 εἰρημένων
1211 1425 1298 1517 πρὸς
1334 1426 1398 1500 τόν
1431 1424 1586 1518 Ἱερεμίαν

228 1552 261 1606 10
278 1538 387 1614 θλίβει
418 1528 482 1602 τόν
511 1525 628 1617 λόγον,
660 1527 701 1602 ού
734 1527 904 1620 δυνάμενα
929 1526 978 1613 ιδς
1003 1527 1090 1617 πρὸς
1115 1528 1196 1608 τούς
1221 1526 1371 1610 πολλούς
1397 1525 1585 1616 ἐφαρμόσαι

278 1636 329 1718 τῷ
350 1635 486 1718 σωτήρι.
530 1636 607 1700 τίνα
630 1621 691 1701 οὖν
712 1633 784 1700 έστι
805 1629 848 1701 τὰ
870 1626 1108 1719 ἐφαρμόζοντα
1130 1635 1181 1719 τῷ
1204 1633 1346 1717 σωτῆρα
1376 1626 1480 1715 »πρὸς
1500 1625 1584 1699 πάν-

277 1759 338 1812 τας
366 1724 425 1811 ούς
451 1727 511 1800 ἐὰν
536 1733 764 1815 έξαποστείλω
792 1753 828 1801 σε
855 1726 1018 1817 πορεύσῃ,
1044 1734 1100 1800 καὶ
1121 1726 1209 1799 κατὰ
1231 1724 1345 1798 πάντα
1367 1720 1429 1799 ὅσα
1450 1725 1511 1798 έᾶν
1532 1730 1583 1796 έν-

277 1836 440 1917 τείλωμαί
471 1853 523 1900 σοι
553 1826 716 1918 λαλήσεις.
766 1827 811 1919 μή
851 1835 1007 1917 φοβηθῇς
1041 1825 1109 1900 ἀπὸ
1138 1828 1327 1917 προσώπου
1356 1821 1487 1912 αύτῶν,
1526 1820 1582 1897 ότι

275 1926 360 2018 μετὰ
382 1933 443 1998 σοῦ
464 1933 530 2017 εἰμι
551 1934 614 2000 τοῦ
629 1933 832 2015 έξαιρεῖσθαί
846 1951 890 2012 σε,
913 1933 1000 2017 λέγει
1013 1925 1159 2015 κύριοςι.
1202 1919 1300 1999 ούπω
1317 1931 1425 1998 ταῦτα
1440 1925 1515 2016 <ἀν>
1530 1931 1580 1998 έν·

226 2049 258 2102 15
276 2035 389 2117 αργῶς
414 2026 501 2116 πρὸς
526 2025 589 2099 τόν
615 2034 754 2118 σωτῆρα
772 2024 913 2114 ,δόξειαν
934 2024 1172 2116 ἀναφέρεσθαι,
1200 2026 1244 2099 τὰ
1265 2027 1339 2116 ἑξῆς
1361 2030 1397 2097 δὲ
1422 2032 1494 2097 »καὶ
1516 2030 1581 2112 έξέ-

277 2155 365 2198 τεινε
385 2125 501 2215 κύριος
522 2126 587 2218 τήν
607 2145 701 2217 χεῖρα
724 2123 829 2199 αύτού
850 2122 936 2214 πρός
956 2155 996 2216 με
1016 2132 1072 2196 καὶ
1093 2121 1208 2216 ήφατο
1232 2133 1294 2198 τοῦ
1315 2121 1485 2216 στόματός
1506 2154 1579 2215 μου,

274 2233 331 2298 καί
352 2225 447 2298 εἶπεν
467 2224 581 2313 κύριος
599 2223 686 2315 πρός
707 2251 759 2314 με·
781 2226 857 2298 ἰδού
878 2231 1007 2298 δέδωκα
1030 2225 1110 2309 τούς
1131 2222 1253 2315 λόγους
1274 2253 1339 2312 μου
1353 2231 1401 2308 εἰς
1415 2223 1457 2296 τό
1473 2222 1580 2314 στόμα

275 2348 345 2397 σου.
386 2324 462 2396 ίδοό
491 2323 688 2398 καθέστακά
712 2349 749 2398 σε
775 2324 920 2416 σήμερον
946 2331 1001 2398 έπὶ
1027 2329 1113 2414 ἔθνη
1140 2332 1195 2397 καί
1221 2331 1400 2411 βασιλείας,
1427 2329 1580 2413 έκριςοῦν

249 2499 251 2506 ,
273 2433 329 2497 καὶ
350 2421 616 2497 κατασκάπτειν(
642 2430 768 2515 (θλίβει
793 2424 858 2516 τήν
880 2432 957 2515 περὶ
984 2433 1047 2498 τοῦ
1067 2422 1220 2515 Ἱερεμίου
1244 2425 1444 2516 ἑρμηνείαν).
1491 2419 1579 2512 Ἱερε-

222 2546 256 2602 20
272 2531 348 2613 μίας
383 2541 465 2595 ποῖα
499 2525 584 2613 ἔθνη
619 2529 828 2616 έξερρίζωσε,
868 2532 969 2609 ποίας
1004 2531 1210 2613 κατέστρεφε
1243 2529 1424 2610 βασιλείας;
1464 2529 1579 2615 γέγρα-

272 2653 356 2697 πται
377 2620 451 2713 γάρ·
483 2623 575 2695 »ἰδού
594 2622 790 2696 καθέστακά
812 2648 848 2696 σε
870 2621 1014 2714 σήμερον
1035 2629 1089 2698 έπί
1111 2627 1196 2714 έθνη
1218 2630 1275 2696 καί
1296 2632 1471 2709 βασιλείας,
1494 2628 1577 2710 ἐαρι-

272 2730 353 2811 ζοῦν
378 2730 435 2794 καί
454 2721 735 2796 κατασκάπτεινι.
778 2730 881 2797 ποίαν
908 2729 944 2796 δὲ
970 2725 1056 2814 εἶχεν
1078 2729 1231 2811 ἐξουσίαν
1253 2717 1272 2795 δ
1293 2719 1445 2813 Ἱερεμίας
1468 2729 1513 2808 είς
1535 2723 1576 2795 τό

274 2820 504 2908 »ἀπολλύεινι,
527 2816 611 2911 ὅπερ
627 2828 638 2913 ΙΙ
654 2828 784 2913 εἴρηται
806 2821 854 2907 οδς
875 2821 963 2914 πρὸς
975 2818 1129 2913 Ἱερεμίαν
1150 2829 1188 2894 έν
1202 2829 1253 2914 τῷ
1273 2829 1343 2894 »καί
1359 2819 1577 2908 ἀπολλύεινι,·

271 2931 366 3007 τίνας
392 2929 427 2994 δὲ
453 2919 639 3006 τοσούτους
665 2919 882 3014 ηόκοδόμησεν
907 2919 1072 3013 Ἱερεμίας,
1100 2927 1154 2994 ἵνα
1181 2931 1315 3012 λέγηται
1344 2930 1418 2996 »καὶ
1445 2927 1576 2996 οἰκοδο-

219 3045 251 3100 25
268 3042 378 3114 μεῖνι;
397 3017 547 3112 Ἱερεμίας
569 3029 683 3110 φησίν·
709 3018 789 3092 »ούιι
812 3019 979 3114 ἀφέλησα,
1003 3019 1081 3094 οόδθ
1103 3020 1259 3110 (ἀφέλησέ
1278 3051 1318 3112 με
1333 3019 1471 3107 οόδείςι.
1499 3031 1574 3108 πῶς

269 3115 331 3194 οὖν
358 3129 494 3195 δέδοται
519 3117 612 3210 αὐτῷ
640 3119 681 3192 τό
712 3126 919 3210 »οἰκοδομεῖν
944 3129 999 3194 καὶ
1019 3120 1307 3210 καταφυτεύεινις
1336 3130 1412 3206 πῶς
1433 3125 1488 3194 ἐπὶ
1510 3123 1574 3195 τόν

266 3217 420 3312 Ἱερεμίαν
442 3217 622 3310 ἐφαρμόσει
645 3219 686 3292 τὸ
716 3219 1014 3308 »καταφυτεύεινς
1040 3228 1147 3293 ταῦτα
1173 3228 1227 3294 ἐπὶ
1250 3220 1313 3294 τόν
1334 3228 1472 3313 σωτῆρα
1494 3218 1574 3295 ἀνα-

183 3341 250 3396 210v
268 3319 437 3410 φερόμενα
473 3316 514 3391 ού
548 3325 659 3404 θλίβει
693 3318 756 3391 τόν
786 3321 1020 3411 έρμηνεόοντα,
1040 3326 1045 3410 Ι
1065 3315 1120 3394 ότι
1150 3318 1169 3394 δ
1199 3318 1350 3412 Ἱερεμίας
1376 3327 1413 3393 έν
1437 3319 1574 3406 τούτοις

267 3419 433 3510 σύμβολον
460 3426 523 3491 τοῦ
549 3414 702 3508 σωτῆρός
729 3423 829 3491 ἐστιν.
877 3419 920 3492 τὰ
950 3425 987 3492 δὲ
1017 3418 1321 3511 παρατεθησόμενα
1346 3419 1438 3493 πάνυ
1463 3427 1573 3506 θλίβει

215 3534 250 3590 30
265 3526 322 3592 καὶ
343 3517 406 3592 τόν
426 3517 518 3592 πάνυ
535 3519 778 3591 συνετώτατον
792 3515 1000 3608 βουλόμενον
1015 3526 1125 3607 δεῖξαι,
1148 3528 1223 3606 πῶς
1237 3528 1293 3593 καί
1308 3527 1416 3592 ταῦτα
1431 3520 1573 3593 δύναται

265 3613 421 3708 ἁρμόζειν
447 3624 503 3689 έπὶ
529 3616 592 3690 τόν
613 3623 762 3708 σωτῆρα·
795 3625 868 3690 »καὶ
891 3621 979 3691 εἱπα·
1007 3614 1026 3691 ό
1048 3612 1101 3692 δον
1121 3627 1269 3693 δέσποτα
1291 3619 1392 3708 κύριε,
1415 3620 1489 3692 ίδοό
1510 3617 1572 3691 οὐκ

1594 2801 1643 2857 128

348 3872 410 3928 M.
427 3871 490 3943 vgl.
508 3871 582 3926 Hier.
600 3871 703 3927 Oomm.
721 3873 784 3928 837:
808 3871 926 3937 Quidam
942 3875 1016 3929 huno
1032 3873 1125 3929 locum
1143 3891 1223 3944 super
1240 3872 1383 3929 salvatore
1400 3871 1568 3944 intelligunt„

263 3985 297 3996 -
315 3955 355 4012 20
364 3956 397 4014 ff.
424 3955 487 4026 Vgl.
505 3955 584 4013 Hom.
603 3959 643 4024 14,
661 3958 685 4024 5,
708 3955 737 4010 in
759 3955 952 4014 Matth'l'om
971 3958 1046 4026 12,9
1068 3959 1158 4028 (1103,
1177 3959 1248 4025 144):
1279 3959 1337 4014 Καὶ
1360 3953 1389 4014 οί
1410 3955 1569 4028 φάσκοντες

262 4039 292 4097 δὲ
315 4035 359 4096 δτι
375 4031 512 4113 Ἱερεμίας
534 4035 577 4110 εἰη
600 4037 617 4096 δ
637 4037 743 4110 Ἰησοῦς
854 4039 929 4112 τύχα
951 4038 984 4097 έκ
1004 4048 1062 4098 τῶν
1084 4041 1239 4116 εἰρημένων
1261 4038 1293 4098 έν
1315 4050 1377 4108 ταῖς
1398 4037 1500 4115 ἀρχαῖς
1516 4047 1568 4096 τοῦ

256 4119 396 4198 Ἱερεμίου
423 4121 602 4194 ἐκινήθησαν,
633 4123 667 4180 οὔ
689 4123 899 4198 πληρωθέντων
924 4125 977 4194 μὲν
1006 4123 1037 4183 ἐν
1065 4134 1105 4202 τῷ
1134 4129 1266 4200 προφήτῃ
1291 4127 1356 4183 τότε
1384 4129 1443 4181 κτλ
1468 4155 1502 4164 -
1526 4123 1566 4180 25

261 4209 361 4266 Jerem
380 4212 421 4276 15,
440 4209 480 4266 10.
708 4223 712 4231 '

344 4441 382 4499 14
399 4437 435 4499 ἂν
447 4439 573 4514 ἐναργῶς
585 4442 660 4497 Diels
672 4443 859 4500 Wilamowitz
876 4445 958 4498 οίίοεα
969 4443 996 4497 Η
1008 4444 1052 4514 (=
1063 4440 1158 4516 ἀργῶς
1169 4446 1221 4514 Ru)
1237 4449 1241 4512 Ι
1257 4446 1296 4500 Ιθ
1305 4445 1338 4504 ff.
1358 4444 1410 4515 (bis
1421 4443 1501 4499 Hom.
1515 4447 1539 4508 1,
1550 4444 1564 4495 7

259 4525 324 4582 oder
340 4527 463 4596 τιείίεελ)
489 4527 589 4582 Hieram
606 4527 713 4599 Frngm.
732 4531 748 4583 2
765 4527 795 4582 in
812 4527 846 4582 G:
866 4529 1152 4601 Ταῦτα-κρείττονα
1167 4532 1172 4598 Ι
1187 4524 1475 4602 θλίβει-ἑρμηνείαν
1492 4528 1565 4582 nach

257 4611 294 4665 H:
313 4611 343 4666 δι
361 4611 504 4667 Hieremia
519 4612 663 4680 difficilem
679 4613 789 4680 [αοίαιιί
806 4613 1064 4682 επίεεμντίαῖίοιιαοι.
