3694 5542
551 507 602 564 Die
619 508 784 579 Fragmenta
802 526 850 563 aun
869 508 917 564 der
934 509 1199 580 Prophetenkatene.
1465 515 1526 576 205

219 678 254 742 δὲ
284 668 362 761 ήτοι
392 668 561 761 σφενδόνη
591 677 628 744 ἐν
651 680 693 762 τῇ
720 677 828 764 δεξιᾷ
850 680 913 744 τοῦ
936 678 1019 743 θεοῦ
1041 679 1170 760 γίνεται
1191 679 1257 755 πᾶς
1280 666 1300 743 ό
1323 666 1461 742 τὸκατ’
1485 672 1526 740 εί-

217 769 302 843 κόνα
325 769 378 842 διά
399 776 580 860 μετανοίας
600 767 862 860 ἀναλαμβάνων·
886 775 966 860 ἔργα
988 769 1050 861 γάρ
1072 769 1184 859 ἀγαθά
1206 791 1335 843 νοεῖται
1354 769 1397 842 τὰ
1419 768 1528 854 δεξιὰ

217 877 282 943 τοῦ
311 876 409 955 θεοῦ,
441 877 504 943 τοῦ
530 869 572 941 τά
598 867 753 959 πρόβατα
779 875 948 954 ἱστῶντος
972 874 1022 940 >ἐκ
1049 877 1190 958 δεξιῶν<.
1232 868 1275 959 ἣν
1298 869 1338 958 δή
1360 876 1527 957 σφραγῖδα

219 977 270 1060 τῷ
292 966 417 1060 άσῶτῳ
440 973 503 1059 υίῷ
527 974 674 1041 δέδωκεν
694 965 712 1042 6
734 969 848 1060 πατήρ
871 975 1122 1058 ἐπιστρέψαντι.
1150 963 1235 1060 ὅπερ
1257 974 1287 1040 εί
1308 975 1447 1058 γέγονεν
1468 965 1526 1038 Ἰε-

215 1076 365 1156 χονίας,
397 1067 504 1153 τύπος
539 1089 612 1152 τοῖς
644 1067 806 1159 ὑπηκόοις
841 1067 1004 1154 εὐσεβείας
1035 1074 1191 1159 ἐγελζνετο·
1226 1064 1299 1142 ἀλλ’
1328 1065 1369 1140 ού
1399 1074 1525 1156 γέγονε.
1544 1075 1596 1132 301

216 1168 308 1258 πλήν
346 1170 440 1254 ἔδοξε
480 1176 531 1259 τῷ
566 1167 729 1259 προφήτῃ
765 1175 946 1241 πείθεσθαι
983 1166 1147 1260 φήσαντι·
1187 1164 1225 1240 »6
1261 1166 1527 1256 ἐκπορευόμενος

217 1274 455 1357 προσχωρῆσαι
480 1265 568 1354 πρὸς
593 1267 675 1351 τοῦς
697 1274 889 1353 Χαλδαίους
917 1269 999 1352 τοῦς
1025 1264 1300 1356 συγκεκλεικότας
1326 1265 1412 1356 ῦμᾶς
1433 1265 1525 1356 ζήσε-

217 1392 306 1438 ταιι·
329 1372 452 1456 ἐξῆλθε
474 1366 537 1456 γάρ
558 1364 766 1457 ἐπαγόμενος
787 1375 844 1438 καί
867 1368 932 1458 τὴν
954 1374 1083 1459 μητέρα
1104 1375 1161 1438 καί
1175 1367 1256 1450 τοῦς
1272 1365 1447 1450 δυνατούς,
1471 1362 1526 1436 αύ-

218 1464 409 1557 τομολήσας
435 1465 522 1556 πρὸς
549 1468 629 1552 τοῦς
656 1475 905 1551 Βαβυλωνίους.
948 1472 976 1539 εί
1003 1473 1120 1539 δὲκαὶ
1147 1475 1289 1551 τελείαν,
1317 1474 1429 1555 φησίν,
1453 1469 1525 1536 ἐπε-

167 1577 199 1631 10
217 1571 351 1652 δείξατο
373 1566 437 1656 τήν
458 1564 642 1658 μετάνοιαν
664 1565 752 1638 ὥστε
773 1574 829 1640 καί
848 1573 1029 1658 »σφραγῖδα
1050 1575 1206 1655 γενέσθαι
1227 1571 1288 1656 τῆς
1308 1569 1345 1637 έν
1359 1571 1525 1654 περιτομῇ

218 1665 442 1755 δικαιοσύνης
467 1666 555 1738 κατὰ
581 1667 645 1739 τὸν
672 1680 769 1740 θετον
796 1665 1003 1751 ἀπόστολον,
1031 1663 1079 1748 ῶς
1104 1663 1192 1737 κατά
1219 1671 1325 1736 τοῦτο
1354 1671 1466 1737 δοκεῖν
1488 1669 1525 1736 έν

218 1769 327 1858 δεξιᾷ
352 1772 415 1838 τοῦ
441 1773 538 1851 θεοῦ,
565 1763 707 1850 πάντως
738 1764 780 1838 διν
806 1763 982 1856 παρεδόθη
1009 1772 1107 1856 δίκην
1132 1761 1270 1852 ῦφέξων
1296 1772 1371 1837 τῶν
1402 1765 1526 1853 πρώην

218 1859 486 1954 ἡμαρτημένων,ι
505 1869 533 1936 εί
558 1873 614 1938 καὶ
641 1875 881 1956 μετριωτέραν.
924 1871 961 1938 έν
983 1871 1164 1950 Βαβυλῶνι
1190 1862 1253 1954 γάρ
1275 1869 1525 1952 σωφρονισθείς

218 1967 256 2034 ἐν
286 1967 401 2054 εἱρκτῇ
430 1973 488 2036 καί
518 1973 663 2056 δεσμοῖς,
694 1964 798 2039 πάλιν
826 1971 881 2038 ἐπί
907 1962 1036 2037 Εὗιλάδ
1065 1963 1236 2053 Μαρωδάχ
1265 1970 1408 2054 μετέστη
1439 1961 1526 2050 πρὸς

167 2075 200 2129 15
219 2059 342 2146 ἄνεσιν,
379 2059 573 2152 ὁμοδίαιτος
609 2061 787 2154 γενόμενος
823 2071 873 2154 τῶ
910 2073 1040 2148 βασιλεῖ
1066 2070 1122 2135 καί
1154 2056 1265 2146 οῦτως
1295 2067 1333 2134 ἐν
1363 2059 1525 2152 ἀλλοτρίᾳ

218 2161 408 2245 καταλύσας
431 2163 494 2236 τόν
514 2173 598 2248 βίον.

658 2319 714 2386 Nr.
736 2320 805 2386 XV.
846 2321 1024 2398 Jerem.23,
1041 2327 1087 2388 16.

301 2468 366 2552 (90)
394 2459 612 2552 Ἀπαγορεύει
633 2462 674 2536 οῦ
699 2463 883 2556 προφήτην
909 2461 1028 2548 άπλῶς
1057 2461 1232 2550 ἀκούειν,
1265 2460 1350 2536 ἀλλὰ
1380 2456 1525 2548 λόγους

218 2571 437 2653 προφητῶν
461 2569 497 2634 ἐν
519 2562 651 2653 μιμήσει
671 2569 956 2652 προφερομένους.
986 2559 1083 2653 ὁγὰρ
1099 2561 1237 2636 ἀκούων
1251 2559 1435 2651 προφήτου
1450 2556 1526 2631 οίον

167 2679 202 2734 20
220 2669 385 2747 Μωσέως,
412 2659 474 2733 οῦκ
500 2659 608 2734 αῦτοῦ
634 2660 720 2736 ἀλλὰ
745 2659 909 2750 κυρίου’
889 2663 1003 2736 ακούει
1026 2662 1080 2735 διά
1103 2662 1231 2736 τούτου
1253 2667 1451 2741 λαλοῦντος.
1493 2659 1526 2728 οί
1569 2747 1571 2758 Ι

219 2766 255 2832 δὲ
284 2767 568 2852 ψευδοπροφῆται
595 2769 852 2851 ματαιοῦσιν·
888 2771 940 2854 τῷ
970 2762 1032 2852 γάρ
1062 2762 1108 2854 μή
1140 2767 1355 2851 ἐπιστρέφειν
1390 2763 1527 2830 ποιοῦσι

220 2861 283 2933 τὸν
313 2857 484 2933 ἀκούοντα
514 2858 673 2950 μάταιον,
701 2857 845 2952 ῦρασιν
876 2835 1042 2951 κάρδίας
1077 2868 1304 2943 λαλοῦντες.
1352 2864 1434 2941 νοῦς
1464 2855 1526 2946 γάρ

219 2957 414 3044 ἐπιβάλλων
446 2958 613 3049 πράγμασι
645 2969 749 3051 χωρίς
780 2968 866 3034 θεοῦ
895 2970 1055 3052 βοηθείας
1087 2955 1226 3050 ὅρασιν
1255 2966 1423 3049 καρδίας
1455 2952 1527 3028 οῦκ

219 3056 297 3132 ἀπὸ
334 3055 536 3147 στόματος
571 3070 686 3132 λαλει
718 3067 781 3132 τοῦ
815 3067 1046 3152 χορηγοῦντος
1081 3066 1187 3132 είπεῑν
1216 3067 1272 3131 καί
1303 3066 1526 3147 φωτίζοντος.

167 3161 235 3229 25”
220 3184 290 3231 εστι
312 3152 430 3231 δεῦτε
451 3167 621 3248 συντρέχει
647 3154 859 3249 καρδίαςο
840 3185 977 3252 ορασις
1002 3167 1057 3233 καί
1083 3157 1285 3250 στόματος
1311 3165 1450 3247 κυρίου
1471 3150 1526 3224 λό-

218 3284 289 3347 γος
319 3253 404 3330 ὅθεν
435 3255 496 3347 οῦχ
525 3254 643 3340 άπλῶς
672 3267 766 3350 ψέγει
797 3260 861 3351 τήν
888 3255 1026 3349 ὅρασιν
1052 3265 1113 3350 τῆς
1139 3265 1317 3348 καρδίας,
1345 3253 1418 3328 ἀλλ’
1441 3248 1527 3326 όταν

218 3357 400 3448 μήπροσῇ
427 3357 468 3429 τό
491 3359 616 3447 ἕτερον.
659 3365 831 3449 συντρέχει
853 3359 1002 3448 δὲπαρά
1027 3367 1078 3450 τῷ
1103 3367 1249 3449 λέγοντι·
1284 3353 1527 3446 »προσεύχομαι

219 3465 271 3550 τῷ
294 3455 446 3547 στόματι,
469 3455 695 3548 προσεύχομαι
717 3463 752 3529 δὲ
772 3466 829 3529 καί
851 3465 903 3549 τῶ
926 3461 1008 3530 νοίι.

616 3627 673 3694 Nr.
695 3627 779 3696 XVI.
820 3629 935 3694 δεεσσε
951 3633 1000 3707 23,
1017 3633 1063 3695 19.
1078 3633 1127 3694 20.

169 3789 203 3843 30
303 3781 367 3858 (91)
393 3772 607 3863 Προφήτεύει
636 3781 712 3860 περί
743 3779 982 3862 συσσεισμοῦ
1012 3781 1068 3844 καί
1095 3768 1216 3863 όργής
1240 3781 1386 3862 κυρίου
1408 3775 1526 3842 ἐκπο-

221 3877 439 3960 ρευομένης
473 3875 537 3942 ἐπί
569 3871 663 3954 τοῦς
694 3868 852 3957 ἀσεβεῖς.
895 3867 914 3943 ῦ
942 3873 1068 3963 θυμός
1096 3869 1166 3944 οῦκ
1192 3869 1443 3962 ἀπεστράφη,
1467 3865 1527 3955 οῦχ

305 4025 321 4080 l
349 4024 413 4095 vgl.
431 4025 568 4094 chrysost.
587 4027 793 4094 (6111255212
811 4057 844 4066 -
863 4027 910 4093 112
937 4026 1001 4097 vgl.
1021 4027 1088 4082 Gen.
1107 4030 1134 4094 1,
1153 4027 1194 4082 26.
1212 4057 1245 4067 -
1264 4026 1328 4096 vgl.
1347 4025 1454 4095 Olymp.
1472 4022 1527 4092 (Gh

219 4109 253 4176 11,
271 4109 343 4176 552):
362 4105 412 4165 ἐὰν
515 4105 630 4180 ἀγαθὰς
650 4105 804 4180 ἐργάσηται
826 4109 950 4183 πράξεις.
984 4119 1069 4167 τοῦτο
1092 4109 1148 4184 γάρ
1170 4107 1229 4166 ἐστι
1251 4109 1283 4166 τό
1303 4108 1350 4166 έπί
1367 4115 1416 4177 τῆς
1431 4105 1528 4180 χειρός

219 4199 268 4262 τῆς
285 4195 376 4260 δεξιᾶς
392 4213 458 4262 μου.
476 4223 510 4232 -
526 4195 544 4249 8
561 4192 623 4264 Vgl.
638 4193 738 4248 Matth.
751 4195 792 4262 25,
805 4195 846 4250 33.
864 4225 898 4234 -
917 4195 965 4262 814
982 4195 1047 4266 Vgl.
1059 4197 1126 4252 Luk.
1140 4198 1180 4258 15,
1193 4197 1234 4252 22.
1252 4225 1284 4236 -
1303 4195 1320 4250 θ
1337 4195 1436 4249 δετειο.
1448 4193 1490 4260 21,
1502 4193 1527 4246 θ.

219 4308 253 4319 -
272 4278 327 4335 su.
347 4277 411 4348 vgl.
429 4279 455 4332 II
468 4279 538 4333 Κσα.
555 4279 597 4341 24,
618 4278 659 4334 12.
681 4307 714 4316 -
737 4278 777 4333 10
795 4277 859 4348 Vgl.
877 4279 955 4335 Rtsm.
973 4283 998 4347 4,
1018 4284 1057 4334 11.
1075 4309 1109 4320 -
1127 4279 1205 4335 1411.
1223 4280 1249 4333 11
1267 4279 1339 4334 Kon.
1358 4279 1398 4344 25,
1417 4278 1527 4332 21-30.

221 4393 254 4402 -
273 4363 308 4420 Ιθ
326 4361 390 4433 Vgl.
408 4361 481 4417 Hier.
499 4361 603 4417 Comm-
623 4363 697 4418 1001.
715 4391 749 4400 -
767 4363 804 4418 21
825 4361 890 4433 Vgl.
908 4364 997 4420 IKor.
1017 4367 1057 4429 14,
1076 4365 1116 4420 15.

308 4498 323 4553 1
342 4499 408 4567 πᾶς]
427 4517 487 4563 πως
504 4497 572 4561 ο12
596 4493 824 4568 ἀναλαμπρύνων
842 4498 911 4565 σ14
927 4493 1060 4570 Ἰεχονίας
1077 4501 1089 4554 1
1106 4499 1237 4568 ἳεχιονίας
1254 4516 1290 4554 οσ
1306 4501 1310 4564 Ι
1325 4499 1342 4554 ό
1359 4493 1468 4568 ἐγένετο
1487 4515 1503 4552 o
1523 4499 1525 4565 1

222 4583 257 4639 18
270 4589 425 4655 προφητῶν
438 4601 454 4638 ο
468 4585 472 4650 1
486 4578 689 4652 ἀλλάῙ-1-καίο
704 4583 707 4648 l
720 4581 759 4638 2⁰
770 4579 889 4650 μωσέως
899 4584 911 4637 1
922 4581 1058 4651 μωυσέως
1070 4600 1105 4638 σο
1117 4585 1119 4592 ’
1132 4583 1217 4655 21τῷ
1230 4582 1239 4635 l
1251 4580 1285 4638 τό
1298 4599 1334 4636 oo
1347 4585 1349 4649 ξ
1361 4582 1398 4638 21
1412 4587 1507 4654 προσῇ
1518 4581 1529 4634 1

221 4669 338 4740 προσείη
356 4685 394 4724 σο
409 4671 414 4738 Ι
429 4669 467 4726 21
487 4665 692 4741 προσεύχομαι]
706 4673 737 4732 -1-
750 4665 780 4724 δέ
798 4669 832 4736 οΙ
849 4668 886 4724 81
911 4663 1080 4738 ἀπεστράφη
1098 4681 1114 4721 ο
1130 4669 1157 4736 (η
1169 4666 1198 4720 in
1211 4665 1284 4735 Bas.)
1306 4663 1486 4738 ἀποστράφει
1504 4683 1528 4720 ο.
