3658 5566
745 459 885 536 Origene&
902 467 1259 538 Klageliederkommentar.

634 698 691 766 Nr.
711 699 900 768 LXXXVII.
942 702 1066 788 KlageI
1081 703 1195 769 Jerem.
1212 709 1239 783 3,
1254 709 1365 778 50.‚51.

430 840 648 917 Κατακόπτει
673 841 736 937 γάρ
759 875 798 936 με
821 845 864 918 τδι
886 843 1023 968 δάκρυα,
1046 855 1136 938 φησί,
1158 845 1315 938 καθάπερ
1338 848 1492 938 ἄμπελον
1514 843 1653 938 ἀκριβὴς

344 942 523 1034 τρογητής·
551 944 638 1016 κατὰ
668 950 703 1017 δὲ
729 941 966 1035 Σύμμαχον,ε
953 945 1008 1018 ότι
1037 944 1289 1020 κατεπόντιοᾶν
1316 947 1423 1038 μετὰ
1449 945 1584 1039 δόκρυα,
1607 956 1652 1038 τῇ

344 1049 418 1112 τῶν
448 1046 484 1114 ἐν
516 1039 613 1116 ὕδασι
647 1051 864 1135 πνιγομένων
893 1053 1079 1140 μεταφορᾷ.
1120 1043 1305 1136 ὑπομένων
1336 1046 1423 1118 δὲ
1402 1054 1564 1136 υπομενῶ
1586 1045 1652 1120 τόν

307 1139 493 1230 οκόριον,
515 1149 609 1234 μέχρι
635 1150 700 1216 τοῦ
721 1141 950 1266 ἀποστρέφειν
975 1146 1018 1218 τὸ
1039 1144 1231 1235 πρόσωπον
1252 1144 1359 1220 ου’τοῦ
1381 1143 1438 1236 ἀφ’
1462 1144 1565 1238 ημῶν.
1607 1147 1651 1220 τὸ

342 1239 536 1330 διακόψαι
559 1249 595 1314 δὲ
616 1243 680 1316 τὸν
701 1243 787 1318 θεὸν
810 1244 851 1316 τὸ
874 1252 935 1335 τῆς
956 1243 1181 1336 έπισκοπῆς’
1162 1253 1248 1336 ημᾶς
1270 1243 1412 1334 ἀξιῶσαι
1433 1253 1538 1336 δηλοῖ
1579 1250 1653 1336 ἐξη-

342 1360 450 1430 γεῖται
465 1342 552 1414 δὲ
516 1373 557 1414 το
571 1343 679 1434 παρὰ
696 1343 823 1428 πόσας
838 1349 893 1416 ἐπὶ
907 1342 1017 1428 πόσας
1031 1345 1231 1434 ἐπενεγκών,
1248 1351 1427 1418 τουτέστιν
1441 1350 1497 1417 ἐπὶ
1512 1342 1652 1429 ταῖςαό-

344 1448 418 1512 τῶν
440 1463 639 1535 συμφοραῖς·
661 1443 703 1516 τὸ
727 1445 789 1535 γὰρ
812 1451 904 1536 θῆλυ
919 1451 1017 1535 γένος
1032 1452 1096 1518 τοῦ
1110 1453 1184 1518 τῶν
1200 1441 1354 1534 ἀρρένων
1369 1441 1610 1534 ἐλεεινότερον.

656 1681 711 1748 Nr.
733 1683 938 1752 LXXXVIII.
981 1684 1106 1769 KlageI.
1121 1683 1145 1750 J
1146 1707 1238 1748 erem.
1254 1690 1281 1764 3,
1297 1689 1344 1750 52.

292 1848 326 1902 10
418 1819 504 1898 ’Ἠᾶ
525 1835 681 1900 πέπονθε
704 1833 804 1918 λέγει·
827 1827 993 1920 ἐνεβλήθη
1016 1829 1079 1918 γὰρ
1101 1826 1216 1918 λάκκῳ
1239 1834 1295 1900 καί
1313 1821 1396 1900 ὅσον
1410 1819 1492 1918 ἧκεν
1507 1835 1553 1911 είς
1567 1834 1650 1902 knet-

346 1952 427 2008 νσυς
458 1923 640 2011 ἀπέθανεν,
671 1935 797 2012 σωθείς
827 1933 863 1999 δε
894 1924 974 2018 παρ’
996 1933 1116 2000 ἐλπίδα
1146 1925 1224 2014 ἐβόα
1250 1927 1334 2018 μετὰ
1358 1934 1474 2012 Δαβίδ·
1500 1925 1538 2018 »ἡ
1560 1927 1650 2018 φυγή

342 2053 408 2112 μου
438 2055 486 2106 ως
518 2031 706 2116 στρουθίον
736 2024 883 2118 έρρόσθη
914 2030 952 2097 έκ
930 2032 1040 2114 κτῆς
1055 2032 1207 2150 ’παγίδος
1228 2033 1302 2097 τῶν
1322 2024 1580 2117 θηρεοόντοινι
1609 2025 1652 2101 06

342 2121 406 2213 γὰρ
429 2115 511 2213 ἦν»
499 2145 625 2198 »πεσεῖν
650 2131 702 2197 έπλ
732 2124 797 2216 τὴν
819 2131 882 2216 γῆν
904 2125 985 2198 ἄνευ
1006 2132 1069 2198 τοῦ
1090 2126 1221 2214 πατρὸς
1242 2133 1305 2197 τοῦ
1327 2131 1364 2198 ἐν
1386 2145 1460 2208 τοῖς
1482 2125 1651 2218 οὐρανοῖς

342 2223 429 2295 κατὰ
453 2223 518 2314 τὴν
540 2233 603 2298 τοῦ
624 2231 781 2315 σωτῆρος
804 2223 934 2315 φωνήν.
971 2221 992 2314 ἢ
1015 2235 1133 2298 τοίνυν
1155 2221 1225 2296 δι’“
1214 2223 1337 2298 εαυτόν
1360 2250 1465 2316 φησιν
1473 2222 1508 2346 ,ἢ
1529 2234 1584 2298 καὶ
1605 2227 1650 2300 τὰ

292 2344 325 2397 15
343 2330 405 2395 τοῦ
427 2331 511 2396 λαοῦ
532 2323 761 2415 οἰκειούμενος
782 2321 889 2413 πάθη.
933 2319 1022 2396 ἀλλὰ
1043 2324 1084 2398 τὸ
1105 2325 1257 2415 δωρεὰν
1279 2332 1373 2413 περὶ
1380 2323 1488 2398 αὐτου
1473 2324 1650 2410 ἐἰκότως

343 2419 386 2492 ἀν
406 2429 553 2512 λέγοιτο·
578 2432 611 2496 τί
632 2424 695 2515 γὰρ
716 2421 840 2508 αὐτοὺς
861 2420 1026 2514 ἠδίκησεν,
1048 2430 1181 2513 μᾶλλον
1204 2431 1239 2498 δὲ
1262 2421 1324 2499 οόκ
1346 2421 1574 2516 εόεργέτησεν,·

637 2660 693 2726 Nr.
714 2661 886 2728 LXXXIX.
929 2662 1053 2748 Klagel.
1070 2662 1183 2728 Jerem.
1199 2669 1226 2744 3,
1242 2667 1290 2730 58.
1309 2670 1357 2732 63.

423 2800 622 2878 Ἑδίκασεν
644 2801 663 2879 δ
685 2803 767 2890 θεὸς
788 2805 992 2890 ἀποκτείνας
1007 2807 1071 2880 τὸν
1085 2805 1378 2898 ψευδοπροφήτην
1399 2815 1456 2879 καὶ
1476 2806 1539 2878 τὸν
1558 2814 1647 2891 βασι·

341 2909 400 2976 λέα
420 2905 607 2994 παραδούς,
636 2914 692 2978 καὶ
718 2911 773 2978 ἐπὶ
800 2914 863 2979 τοῦ
885 2913 1036 2997 Χριστοῦ
1057 2907 1230 2995 παραδοὺς
1252 2907 1293 2979 τὸ
1316 2911 1419 2990 ἔθνος
1439 2913 1487 2990 είς
1509 2899 1647 2978 ἕλωσιν.

288 3016 323 3072 20
341 3003 382 3118 τὸ
413 3008 449 3124 d}
478 3007 553 3094 έγιίι
576 3002 645 3079 ’ἐπ’
668 3002 907 3097 ὀφθαλμοὺς
938 3003 1086 3092 αὐτῶν,
1118 2999 1173 3078 ότι
1203 3006 1305 3095 βαρὺς
1335 3003 1423 3096 ἤμην
1449 3002 1566 3088 αότοῖς
1590 3013 1647 3076 καὶ

342 3131 555 3193 φαινομενος.

722 3260 778 3327 Nr.
801 3261 864 3326 XC.
908 3260 1030 3346 Klagel.
1046 3261 1158 3326 Jerem.
1174 3265 1202 3340 3,
1218 3266 1266 3327 64.

420 3400 530 3495 Ἐλεγε
552 3413 608 3478 καί
629 3403 797 3496 πρόσθεν·
828 3413 1048 3478 »συντέλεσον
1071 3404 1204 3490 αὐτούς,
1227 3407 1398 3476 καλέεται
1421 3427 1482 3476 σου
1504 3397 1523 3474 ό
1546 3399 1649 3492 λόγος

340 3507 413 3590 ίμοί
443 3509 489 3588 είς
519 3501 733 3594 εὐφροσύνην
763 3535 818 3577 και
845 3503 954 3596 χαρὰν
983 3512 1121 3594 καρδίας
1150 3533 1242 3596 μουι.
1287 3511 1395 3576 ταῦτα
1423 3509 1539 3593 γέγονε
1564 3501 1650 3590 μετὰ

289 3625 322 3680 25
342 3602 407 3692 τὴν
428 3602 516 3675 κατὰ
537 3611 601 3676 τοῦ
624 3611 780 3695 σωτῆρος
803 3601 994 3695 ἐπιβουλήν,
1018 3599 1076 3676 ὅτε
1098 3611 1273 3692 πανταχοῦ
1295 3599 1534 3693 διεσπάρησαν·
1562 3593 1650 3690 ηλθε

341 3701 404 3793 γὰρ
430 3698 481 3774 ἐπ
503 3699 626 3787 αὐτοὺς
653 3710 735 3776 »πᾶν
758 3705 836 3792 αίμα
860 3712 990 3776 δίκαιον
1012 3708 1174 3793 έκχυθένι.
1211 3701 1251 3774 τὸ
1275 3712 1391 3774 τοίνυν
1414 3707 1649 3774 συντελέσαι

342 3811 442 3892 δηλοῖ
461 3804 502 3876 τό
525 3809 623 3886 τέλος
641 3813 755 3888 λαβεῖν
778 3803 842 3894 τὴν
864 3799 937 3874 κατ’
955 3801 1079 3886 αότούς
1103 3809 1272 3892 λατρείαν,
1294 3810 1347 3873 καί
1372 3799 1412 3873 τὸ
1431 3807 1550 3890 μηκέτι
1568 3827 1649 3888 χρη-

338 3909 490 3989 ματίζειν
513 3905 615 3985 ἔθνος
639 3909 729 3975 θεοῦ.

424 4107 443 4162 3
461 4106 525 4178 Vgl.
543 4107 675 4178 Hexapla„
693 4137 727 4147 -
746 4110 782 4164 10
800 4107 862 4176 vgl.
876 4107 973 4162 Jerem.
992 4111 1033 4174 45,
1052 4111 1068 4162 6
1086 4125 1151 4161 usw.
1170 4137 1202 4146 -
1223 4108 1258 4163 11
1278 4105 1350 4160 Psal.
1363 4106 1421 4172 123,
1435 4106 1458 4158 7.
1476 4133 1508 4142 -
1528 4102 1566 4158 13
1585 4101 1650 4172 Vgl.

338 4192 439 4248 Matth.
459 4195 499 4256 10.
517 4195 557 4250 29.
585 4221 617 4230 -
646 4191 719 4248 186.
737 4191 801 4262 Vgl.
824 4192 930 4263 Olymp.
956 4193 1166 4260 (Gh111‚170):
1194 4189 1226 4247 ἐκ
1251 4191 1303 4260 μὲν
1331 4184 1490 4262 προσώπου
1515 4189 1651 4260 Χριστοῦ,

340 4270 384 4330 ότι
401 4271 482 4342 ἀξίας
566 4273 594 4332 οἱ
611 4269 739 4332 Ἰουδαῖοι
760 4274 811 4341 τὰς
832 4277 910 4342 δίκας
928 4271 1022 4333 ἔτισαν
1041 4275 1252 4348 παραδοθέντες
1264 4267 1421 4343 Ῥωμαίοις.
1439 4303 1472 4311 -
1491 4271 1530 4328 23
1548 4271 1650 4328 Jerem.

340 4364 380 4423 ιε,
399 4363 438 4416 16.
458 4391 490 4400 -
509 4361 548 4418 ιο
568 4361 630 4432 vgl.
649 4363 748 4417 Matth.
767 4363 807 4428 23,
827 4364 867 4416 35.

424 4547 442 4602 2
466 4540 595 4615 ἄμπελον
621 4548 647 4615 (ν
665 4547 693 4600 in
712 4547 783 4614 Rae.)
811 4563 825 4600 ο
852 4543 1006 4615 ἀμπελῶνα
1030 4564 1046 4602 ο
1070 4549 1075 4614 Ι
1099 4548 1143 4610 4ίὸ
1169 4545 1220 4601 τὸν
1242 4545 1340 4619 κόριον
1368 4545 1441 4601 lui>
1462 4540 1550 4613 κυρία
1576 4555 1613 4594 οο
1644 4550 1645 4559 ’

341 4631 376 4685 11
396 4627 510 4696 ἐλπίδας
527 4649 543 4686 ο
559 4633 563 4700 Ι
580 4631 618 4686 14
636 4633 694 4700 καί]
714 4631 853 4698 <οΙῙθ
871 4629 957 4720 αὐτοῦ
974 4631 1054 4686 Βῑαεε
1072 4629 1174 4696 αὐτοὺς
1192 4647 1228 4685 eo
1244 4631 1248 4698 Ι
1265 4629 1303 4685 33
1322 4628 1382 4698 σου]
1402 4645 1447 4686 σοι
1465 4642 1488 4679 ο.
