3768 5544
359 441 480 498 Homilie
498 442 571 497 VIII.
606 441 1144 508 Jerem.10‚12-14.-Homilielx.
1180 441 1277 495 Ierem.
1297 444 1336 506 11,
1355 441 1445 496 1-10.
1514 447 1553 508 63

249 610 380 678 ἐκείνου
406 612 512 692 λέξιν,
543 609 599 678 ίνα
625 611 754 696 ἐλέγξαι
782 613 921 697 δυνηθῶ
944 605 1009 694 τὴν
1031 610 1161 677 ἐκείνου
1183 613 1331 692 μωρίαν,·
1365 597 1477 684 ούτως
1499 607 1555 675 ίνα

248 714 419 795 μωρανθῇ
441 702 462 795 ἦ
484 714 588 794 σοφία
610 713 674 779 τοῦ
694 704 822 796 κόσμου
841 705 976 788 τούτου,
1001 703 1041 778 οῦ
1061 713 1152 793 χρεία
1175 711 1236 794 τῆς
1255 712 1377 792 σοφίας
1392 710 1455 776 τοῦ
1469 710 1555 776 θεοῦ

251 803 500 895 ἀγωνιζομένης
529 805 615 893 πρὸς
646 803 753 896 αύτὴν
786 802 884 896 (αύτὴ
915 806 977 896 γὰρ
1007 803 1102 876 κάτω
1130 810 1246 892 ἐστίν),
1279 800 1364 876 ἀλλὰ
1391 800 1486 892 ἀρκεῖ
1513 803 1554 875 τό

249 905 366 994 μωρὸν
394 912 457 978 τοῦ
477 911 576 990 θεοῦ,
608 899 662 978 ότι
688 907 747 979 »τό
769 905 887 995 μωρὸν
909 913 973 978 τοῦ
994 913 1079 977 θεοῦ
1101 903 1304 992 σοφώτερον
1326 911 1400 975 τῶν
1422 899 1555 992 ἄνθροό-

216 1029 330 1082 σπων
357 1009 463 1090 ἐστίν,
493 1013 549 1077 καὶ
575 1007 616 1080 τὸ
644 997 785 1090 όσθενές
811 1011 874 1078 τοῦ
900 1012 984 1077 θεοῦ
1019 1003 1239 1095 ἰσχυρότερον
1260 1011 1334 1074 τῶν
1354 1000 1555 1090 ἀνθρώπων

250 1111 372 1178 ἐστίνι.
414 1114 470 1178 καὶ
496 1103 612 1178 πάντα
638 1106 682 1178 τὰ
708 1109 848 1178 ἐναντία
873 1101 892 1176 ὁ
919 1102 1034 1194 σωτήρ
1059 1133 1126 1194 μου
1149 1111 1206 1176 καὶ
1227 1103 1342 1191 κύριος
1364 1099 1555 1192 ἀνείληφεν,

252 1211 306 1278 ἵνα
329 1225 402 1290 τοις
423 1211 592 1289 ἐναντίοις
614 1205 697 1292 λύση
719 1205 763 1276 τὰ
784 1209 932 1287 ἐναντία,
954 1212 1008 1276 καί
1032 1200 1124 1294 ἡμεῖς
1145 1209 1465 1292 ίσχυροποιηθῶμεν
1486 1199 1555 1276 ἀπὸ

252 1313 313 1396 τῆς
340 1304 517 1388 ἀσθενείας
537 1303 641 1394 Ἰησοῦ
666 1314 723 1376 καὶ
749 1311 970 1393 σοφισθῶμεν
998 1300 1065 1376 ἀπὸ
1088 1311 1152 1375 τοῦ
1172 1309 1291 1392 μωροῦ
1312 1310 1375 1375 τοῦ
1396 1308 1481 1373 θεοῦ
1501 1311 1556 1375 καὶ

251 1413 463 1494 εἰσαχθέντες
484 1410 521 1476 ἐν
544 1404 681 1488 τούτοις
703 1411 908 1494 δυνηθῶμεν
929 1400 1095 1493 ύναβῆναι
1116 1410 1171 1476 ἐπὶ
1186 1402 1251 1492 τὴν
1266 1410 1401 1490 σοφίαν,
1423 1407 1477 1473 ἐπὶ
1494 1399 1557 1490 τὴν

202 1523 235 1577 10
252 1507 346 1596 ἰσχύν
368 1512 433 1579 τοῦ
454 1511 553 1591 θεοῦ,
577 1503 728 1594 Χριστόν
747 1501 887 1594 Ἰησοῦν,
916 1497 944 1594 ᾧ
965 1508 1058 1576 ἐστιν
1078 1500 1099 1594 ἡ
1121 1501 1203 1590 δόξα
1223 1511 1279 1573 καὶ
1301 1501 1342 1574 τό
1363 1499 1489 1591 κρότος
1511 1507 1558 1585 είς

253 1606 335 1689 τοῦς
357 1608 492 1688 αἰῶνας.
534 1601 642 1694 Ἀμήν.

259 2173 327 2250 mc
356 2167 403 2241 τό
435 2166 472 2241 »ὃ
506 2163 630 2269 λόγος
658 2165 677 2239 ὁ
705 2161 941 2267 γενόμενος
970 2165 1076 2263 πρός
1102 2167 1177 2239 τόν
1201 2164 1414 2260 Ἱερεμίαν
1445 2161 1558 2258 παρὰ

255 2301 410 2400 κυρίου
446 2301 599 2404 λέγων·
641 2299 859 2376 ἀκούσατε
899 2300 1000 2385 τοῦς
1040 2299 1195 2403 λόγους
1233 2308 1307 2392 τῆς
1347 2296 1562 2392 διαθήκης

254 2433 432 2531 ταύτης(
456 2437 581 2535 μέχρι
607 2444 686 2513 τοῦ
711 2434 1063 2536 »ἐπεστράφησαν
1091 2435 1156 2511 ἐπὶ
1180 2434 1258 2518 τὰς
1285 2434 1561 2517 ἅδικίαςτῶν

206 2597 238 2651 15
536 2574 736 2671 πατέρων
753 2573 910 2648 ἀὐτῶν
935 2580 1023 2647 τῶν
1048 2567 1290 2667 πρότερονι.

796 2806 942 2901 Ὁμιλία
971 2805 1019 2880 θ’.

344 3014 369 3074 1.
394 3003 492 3074 Κατὰ
513 3009 576 3091 μὲν
598 3003 664 3092 τὴν
678 3004 923 3092 ίστορουμένην
937 3009 1125 3091 παρουσίαν
1139 3007 1202 3073 τοῦ
1216 3007 1335 3088 κυρίου
1350 2996 1447 3090 ἡμῶν
1459 2995 1564 3089 Ἰησοῦ

260 3107 411 3187 Χριστοῦ
433 3111 572 3191 γέγονεν
594 3100 702 3174 αύτοῦ
723 3097 744 3192 ἡ
765 3105 922 3190 ἐπιδημία
943 3109 1144 3191 σωματικῶς
1164 3097 1334 3190 καθολικὴ
1354 3129 1407 3183 τις
1425 3108 1481 3172 καὶ
1495 3103 1564 3172 ἐπι-

260 3197 420 3290 λύμφασα
451 3195 522 3290 όλφ
554 3209 606 3292 τῷ
635 3201 763 3292 κόσμῳ,
800 3195 858 3272 ότε
893 3197 929 3272 »ό
956 3199 1057 3289 λόγος
1084 3201 1166 3290 σὰρξ
1187 3203 1319 3290 ἐγένετο
1341 3206 1397 3271 καὶ
1419 3198 1564 3290 ἐσκήνω·

208 3317 242 3372 20
260 3323 317 3372 σεν
338 3303 376 3371 ἐν
400 3297 513 3390 ἡμῑνι·
546 3293 623 3390 »ἦνι
648 3301 711 3390 γὰρ
727 3301 795 3373 υπὸ
818 3307 893 3387 φῶς
915 3300 957 3373 τό
979 3297 1148 3392 ἀληθινὸν
1170 3293 1189 3371 ό
1210 3307 1349 3388 φωτίζει
1370 3297 1486 3372 πάντα
1509 3299 1566 3371 ἄν·

261 3411 410 3487 θρωπον
432 3398 615 3490 ἐρχόμενον
637 3407 683 3484 εἰς
704 3400 769 3474 τόν
789 3400 925 3493 κόσμον.
967 3405 1005 3472 ἐν
1027 3408 1078 3490 τῷ
1100 3397 1216 3491 κόσμῳ
1239 3391 1296 3490 ἦν,
1322 3405 1379 3470 καὶ
1401 3394 1420 3470 ό
1442 3397 1566 3489 κόσμος

261 3495 301 3570 δι’
326 3496 432 3572 αύτοῦ
454 3505 598 3589 ἐγένετο,
615 3504 626 3590 ΙΙ
641 3508 697 3572 καὶ
720 3496 738 3572 ό
757 3498 880 3592 κόσμος
902 3497 1010 3573 αύτόν
1032 3497 1094 3572 οῦκ
1114 3503 1210 3588 ἐγνω.
1245 3505 1291 3582 είς
1306 3497 1349 3570 τὰ
1364 3503 1432 3570 ίδια
1446 3491 1565 3588 ἢλθεν,
1588 3515 1637 3568 177

260 3604 313 3669 καὶ
340 3602 373 3670 σί
396 3603 478 3672 ίδιοι
497 3596 603 3673 αύτόν
619 3596 661 3672 ού
674 3608 897 3689 παρέλαβονι.
938 3599 1000 3690 χρὴ
1015 3606 1171 3688 μέντοιγε
1189 3605 1311 3671 εἰδέναι
1333 3592 1388 3670 ότι
1409 3605 1465 3670 καὶ
1485 3597 1567 3687 πρό·

261 3726 364 3788 τερον
393 3696 562 3789 ἐπεδήμει,
594 3705 623 3770 εί
654 3706 710 3772 καὶ
739 3699 783 3790 μὴ
806 3708 1022 3790 σωματικῶς,
1049 3703 1086 3770 ἐν
1109 3697 1241 3789 ἑκάστῳ
1263 3704 1337 3770 τῶν
1359 3694 1482 3787 ύγίων,
1511 3704 1568 3770 καὶ

210 3815 244 3869 25
261 3796 346 3886 μετὰ
374 3797 439 3887 τὴν
466 3803 645 3888 ἐπιδημίαν
671 3795 778 3872 αύτοῦ
803 3798 932 3890 ταύτην
954 3799 1019 3890 τὴν
1039 3804 1252 3887 βλεπομένην
1273 3794 1375 3870 πόλιν
1397 3793 1475 3886 ἡμῖν
1497 3802 1567 3868 ἐπι-

263 3902 365 3987 δημει
407 3903 463 3968 καί
485 3903 515 3969 εί
535 3897 650 3984 βούλει
670 3897 808 3971 τούτων
829 3895 1001 3986 ἀπόδειξιν
1023 3906 1145 3984 λαβεῖν,
1167 3895 1307 3986 πρόσεχε
1330 3903 1381 3987 τῷ
1407 3892 1443 3969 »ὁ
1466 3893 1568 3985 λόγος

176 3993 282 4073 aava
309 3993 490 4087 γενόμενος
516 3998 603 4088 πρός
622 3994 778 4088 Ἰερεμίαν
803 4006 807 4087 1
835 3998 927 4088 παρὰ
951 4006 1069 4087 κυρίου
1092 4005 1213 4087 λέγων’
1239 3993 1422 4069 ἀκούσατε(
1446 3995 1567 4068 καὶτὰ

350 4234 369 4290 4
387 4235 567 4303 1K01.1,25.
585 4267 617 4275 -
637 4236 676 4292 1⁹
693 4236 847 4304 Joh.1,14.
864 4265 897 4276 -
916 4236 957 4291 2⁰
973 4234 1035 4290 Joh.
1047 4237 1071 4300 1,
1083 4237 1174 4292 9-11.
1193 4265 1226 4274 -
1245 4234 1284 4291 24
1301 4234 1367 4306 ng
1378 4234 1441 4292 Kol.
1453 4237 1477 4302 2,
1494 4237 1519 4291 9.

349 4434 368 4491 8
387 4433 473 4506 αὐτὴν
491 4437 563 4492 nach
580 4436 619 4492 H:
637 4437 722 4506 (oum)
739 4455 771 4492 αι
789 4435 876 4494 αὐτόν
893 4438 911 4493 S
927 4439 931 4505 Ι
951 4433 1029 4507 αῦτη]
1049 4432 1118 4505 αῦτη
1136 4438 1153 4492 S
1171 4455 1240 4506 φασι
1256 4436 1283 4491 II
1301 4429 1370 4505 αῦτη
1390 4433 1429 4491 Co
1447 4436 1452 4502 1
1472 4436 1510 4491 11
1530 4431 1571 4490 al·

265 4518 350 4588 ῶνας]
370 4525 402 4584 -Ι-
413 4521 587 4576 samam-um
604 4522 630 4576 Η
649 4523 653 4589 Ι
672 4515 764 4592 Ἀμην]
783 4528 816 4587 -1-
829 4517 924 4590 όμιλία
943 4516 968 4591 η’
986 4524 1004 4577 S
1023 4527 1029 4591 Ι
1049 4522 1088 4579 18
1105 4521 1196 4593 λέγων
1214 4523 1253 4578 Co
1271 4521 1343 4575 Lxx
1360 4521 1453 4574 διὀειιε
1470 4519 1496 4574 Η
1513 4517 1571 4576 ἀπό

264 4605 322 4660 τῶν
340 4603 358 4658 S
378 4607 382 4672 Ι
404 4607 440 4662 111
458 4605 584 4662 Romilia
601 4606 676 4661 VIII
696 4611 700 4676 Ι
716 4606 827 4663 10-28
844 4602 1095 4680 ἦτε-παρέλαβον]
1113 4615 1147 4666 <
1158 4605 1184 4660 Η
1197 4607 1203 4674 Ι
1218 4607 1256 4662 21
1276 4602 1425 4674 ἀκούσατε]
1444 4604 1523 4658 Audi
1538 4603 1573 4658 Η.
