3768 5544
563 539 564 542 γ
642 465 763 522 Romilio
780 467 840 522 XII.
873 466 972 522 δεεσσε.
991 467 1031 534 13,
1049 467 1158 522 12-17.
1507 472 1547 534 93

237 626 470 719 ηὐτρέπισται,
502 629 557 701 διά
587 636 693 702 τοῦτο
724 631 794 702 ἔστι
820 659 854 702 τι
878 635 935 700 καὶ
957 626 1080 712 σκότος
1101 629 1285 720 ἐξώτερον,
1318 621 1370 702 ών
1388 637 1484 718 χρεία
1506 625 1547 701 ού

235 729 346 818 μόνον
368 729 422 801 διὰ
443 729 508 801 τὸν
529 726 774 818 κολαζόμενον,
797 727 886 802 άλλὰ
907 726 1053 819 μάλιστα
1074 729 1129 801 διά
1151 729 1192 802 τό
1213 728 1343 802 κοινόν.

318 835 415 902 6.Εί
438 835 473 900 δὲ
496 835 607 913 θέλεις
630 829 692 920 τήν
714 829 849 919 γραφὴν
870 826 1023 951 μάρτνρρι
1046 839 1170 914 λαβεῖν,
1194 822 1249 901 ότι
1269 836 1325 900 καὶ
1348 835 1394 912 είς
1417 831 1546 918 ετέρων

234 937 409 1030 παίδευσιν
440 933 473 1001 σί
503 924 699 1018 άμαρτωλοὶ
728 927 944 1017 κολάζονται,
974 926 1040 1002 κάν
1063 921 1160 1002 οὗτοί
1181 959 1269 1002 ποτε
1290 927 1546 1019 άπεγνωσμένοι

200 1057 216 1096 α
235 1055 298 1101 ωσι
319 1035 396 1119 περὶ
419 1037 611 1118 θεραπείας,
634 1027 735 1100 άκουε
749 1037 985 1119 Σολομῶντος
1007 1033 1045 1102 ἐν
1065 1049 1138 1112 ταις
1153 1036 1353 1118 Παρσιμίαις
1367 1035 1544 1117 λέγοντος

237 1135 378 1216 »λοιμοῦ
413 1135 681 1250 μαστιγουμένρυ
711 1127 835 1217 άφρων
864 1129 1140 1220 πανουργότερος
1171 1131 1293 1200 έσταιι.
1345 1125 1407 1202 ούκ
1438 1126 1545 1201 αύτόν

233 1227 297 1299 τόν
323 1227 593 1348 μαστιγούμενον
620 1229 713 1301 είπεν
739 1230 874 1301 εσεσθαι
900 1227 1182 1350 πανουργότερρν
1202 1237 1259 1300 καὶ
1276 1229 1543 1351 φρονιμώτερον

232 1434 279 1510 είς
310 1425 477 1514 φρόνησιν
503 1359 564 1498 διά
579 1427 641 1510 τὰς
662 1435 918 1517 προσαγομένας
941 1436 991 1517 τῷ
1014 1435 1123 1518 λοιμῷ
1146 1424 1371 1516 μάστιγας·τ
1350 1435 1456 1500 τοῦτο
1479 1429 1542 1518 γάρ

182 1535 214 1589 10
231 1534 428 1616 σημαίνεται
449 1531 486 1598 ἐκ
508 1533 572 1599 τού
592 1522 761 1617 ὀνόματος
775 1532 983 1600 ἐνταῦθα’
942 1557 1003 1617 της
1017 1536 1234 1618 πανουργίας.
1269 1535 1325 1598 καὶ
1340 1525 1543 1617 μεταβάλλει

232 1627 286 1697 διά
308 1631 372 1698 τοῦ
392 1631 531 1712 βλέπειν
553 1627 689 1716 ἑτέρους
709 1635 995 1718 μαστιγουμένους
1017 1623 1037 1699 ό
1059 1627 1191 1716 ἄφρων.
1235 1623 1363 1699 ούκοῦν
1383 1633 1543 1716 συμφέρει

231 1722 319 1814 ἡμῖν,
351 1723 410 1798 ἐάν
441 1755 477 1815 γε
507 1735 677 1815 σωτηρίας
708 1726 796 1812 άξιοι
826 1727 1005 1818 γενώμεθα
1027 1723 1073 1800 δι’
1097 1727 1215 1799 ἄλλων
1235 1733 1491 1815 κολαζομένων,
1519 1723 1540 1815 ἡ

230 1823 351 1897 ἄλλων
376 1822 523 1908 κόλασις.
563 1831 618 1896 καλ
645 1823 693 1908 ώς
719 1823 922 1916 συνήνεγκεν
949 1825 990 1898 τό
1017 1823 1237 1916 παράπτωμα
1263 1833 1327 1899 τοῦ
1347 1821 1475 1915 Ἰσραήλ
1498 1833 1541 1914 τῇ

210 1931 380 2016 ’σωτηρίᾳ
407 1931 480 1996 τῶν
506 1930 636 2010 ἐθνῶν,
665 1921 777 2010 οὕτως
803 1933 953 1999 συνοίσει
980 1922 1001 2015 ή
1021 1925 1160 2009 κόλασίς
1182 1931 1324 2016 <τινων>
1346 1933 1388 2015 τῇ
1411 1927 1540 2014 ἑτέρων

179 2034 212 2086 15
230 2032 390 2114 σωτηρίη.
433 2023 488 2096 διά
512 2027 523 2114 ΙΙ
547 2031 652 2097 τοῦτο
684 2022 814 2115 άγαθός
844 2019 896 2098 όόν
923 2021 942 2096 ὁ
970 2024 1051 2108 θεός
1073 2051 1187 2114 φησιν·
1224 2021 1283 2099 »ού
1306 2034 1463 2114 φείσομαι
1483 2033 1538 2098 καὶ
1561 2042 1612 2096 199

230 2119 291 2193 ούκ
315 2121 514 2213 οἰκτειρήσω
534 2121 604 2196 άπὸ
627 2132 817 2214 διαφθοράς
839 2122 985 2197 αύτώνι.

313 2233 339 2292 7.
366 2229 677 2313 Περιγεγραμμένου
698 2231 733 2295 δὲ
755 2231 818 2299 τοῦ
840 2223 916 2309 ἑνός
937 2233 1125 2312 κεφαλαίου
1146 2229 1272 2315 ἴδωμεν
1293 2224 1405 2297 καὶτὸ
1421 2225 1540 2313 ἕτερον

228 2329 262 2391 τί
284 2316 369 2409 ἡμᾶς
391 2319 549 2394 διδάσκει·
579 2320 762 2396 »άκούσατε
783 2331 839 2396 καὶ
861 2329 1086 2406 ἐνωτίσασθε,
1115 2330 1171 2395 καὶ
1193 2323 1237 2413 μὴ
1259 2327 1452 2413 ἐπαίρεσθε,
1484 2318 1539 2397 ὅτι

227 2418 343 2509 κύριος
364 2418 516 2511 έλάλησε.
552 2420 631 2494 δότε
654 2430 705 2513 τῷ
720 2433 826 2514 κυρίῳ
842 2431 915 2514 θεῷ
933 2421 1028 2513 ήμῶν
1044 2423 1147 2510 δόξαν
1162 2424 1230 2512 πρὸ
1245 2429 1310 2497 τοῦ
1325 2420 1537 2506 συσκοτάσαι,

176 2525 210 2581 20
227 2526 283 2590 καὶ
313 2519 380 2608 πρὸ
413 2527 476 2594 τοῦ
505 2521 700 2612 προσκόψαι
729 2523 811 2606 τούς
840 2495 1000 2606 πόδας
979 2530 1076 2612 υμῶν
1106 2519 1162 2596 ἐπ’
1196 2517 1259 2614 ὄρη
1280 2519 1451 2596 σκοτεινά·
1481 2531 1536 2594 καὶ

226 2615 422 2709 άναμενεῑτε
443 2627 490 2704 είς
512 2628 597 2709 φώς,
619 2629 674 2692 καὶ
695 2619 1027 2706 ἐκείσκιάθανάτου,
1050 2631 1105 2692 καὶ
1120 2621 1328 2713 τεθήσονται
1342 2629 1390 2705 είς
1404 2621 1536 2705 σκότος.

140 2721 208 2780 260v
226 2717 286 2790 ἐάν
319 2725 353 2790 δὲ
388 2719 434 2809 μή
469 2717 635 2811 άκούσητε
665 2727 913 2811 κεκρυμμένως,
949 2719 1188 2810 κλαύΙσεται“
1169 2751 1190 2844 η
1220 2721 1310 2811 ψυχή
1340 2720 1437 2811 ύμών
1466 2719 1535 2794 άπὸ

224 2819 415 2908 προσώπου
437 2813 580 2911 ύβρεως,
607 2828 662 2892 καὶ
683 2819 888 2908 κατάξουσιν
911 2824 943 2893 σί
965 2817 1184 2910 ὀφθαλμοὶε
1163 2829 1259 2911 υμῶν
1283 2819 1424 2910 δάκρυα,
1447 2821 1535 2894 διότι

137 2965 139 2968 -
225 2926 402 3006 συνετρίβη
429 2917 470 2990 τὸ
496 2929 659 3010 ποίμνιον
684 2929 832 3011 κυρίουι.
875 2920 1041 3008 ΙτουΙτούς
1067 2918 1193 3004 αύτούς
1214 2919 1372 3006 βούλεται
1394 2917 1535 2994 άκοῦσαι

172 3033 205 3087 25
223 3023 280 3088 καί
309 3021 548 3110 ἐνωτίσασθαι,
579 3017 641 3092 ούκ
672 3018 881 3111 ἀρκούμενος
912 3014 992 3092 ούτε
1021 3028 1073 3110 τῷ
1106 3018 1243 3093 άκούειν
1273 3017 1398 3104 αύτούς
1425 3019 1535 3110 μόνον

224 3109 304 3188 ούτε
331 3125 381 3208 τῷ
405 3097 634 3240 ἐνωτίζεσθαι.
677 3119 728 3192 διό
752 3143 866 3210 φησιν·
897 3116 1081 3193 »άκούσατε
1102 3128 1158 3192 καὶ
1179 3125 1419 3192 ἐνωτίσασθει.
1463 3123 1535 3193 είτα

221 3217 306 3305 μετά
328 3224 435 3290 τοῦτο
450 3217 653 3307 προστάσσει
668 3216 784 3302 αύτοῑς
798 3218 843 3309 μὴ
862 3225 1070 3307 ἐπαίρεσθαι,
1091 3228 1148 3292 καὶ
1164 3215 1345 3292 διδάσκει
1327 3249 1345 3291 ο
1361 3226 1534 3311 πο.ιητέον

221 3323 255 3385 τί
285 3308 349 3388 οὖν
379 3316 421 3389 τό
453 3315 593 3389 άκούσαι
622 3326 678 3390 καὶ
708 3328 743 3391 τί
772 3319 814 3392 τὸ
837 3324 1079 3404 ἐνωτίσασθαι,
1112 3316 1173 3392 ἀπ’
1196 3316 1301 3410 αὐτῆς
1323 3325 1385 3409 τῆς
1408 3327 1533 3407 λέξεως

220 3413 496 3538 κατανοήσωμεν.
523 3447 564 3488 το
551 3417 823 3490 »ἐνωτίσασθει
837 3418 930 3502 είς
893 3449 936 3490 τα
945 3409 1020 3490 ώτα
1029 3424 1181 3504 δέξασθε,
1196 3417 1298 3489 καὶ
1262 3447 1303 3490 το
1317 3417 1531 3506 »άκούσατει,

169 3527 202 3582 30
220 3521 250 3586 εί
274 3514 361 3606 πρὸς
389 3513 653 3606 άντιδιαστολήν
679 3523 812 3607 λέγεται
838 3525 902 3589 τοῦ
931 3521 1190 3604 »ἐνωτίσασθε<,
1217 3515 1352 3608 μήποτέ
1371 3525 1464 3592 ἐστιν
1486 3525 1532 3605 είς

305 3751 406 3823 lvgl.
429 3753 529 3808 Matth.
548 3755 587 3818 18,
605 3756 622 3810 9
637 3772 663 3808 u.
681 3759 705 3808 ὃ.
732 3784 765 3794 -
792 3753 855 3826 vgl.
878 3756 1019 3822 Matths,
1040 3759 1073 3814 12
1094 3763 1161 3812 αδ.
1188 3787 1222 3797 -
1248 3757 1365 3812 δΡεον.
1379 3758 1419 3817 19,
1432 3758 1474 3812 22.
1495 3787 1530 3798 -

219 3837 288 3896 191.
306 3836 370 3907 vgl.
388 3838 465 3892 Rom.
480 3842 518 3902 11.
536 3842 576 3894 11.
594 3869 628 3879 -
647 3839 725 3895 2811.
743 3839 807 3909 vgl.
826 3839 861 3894 de
879 3858 916 3895 or.
929 3841 999 3906 27,6
1017 3841 1100 3910 (Orig.
1114 3841 1148 3904 ΙΙ,
1160 3843 1218 3906 367,
1232 3843 1303 3910 5ff.):
1326 3843 1368 3906 τίς
1384 3840 1441 3912 γάρ
1458 3859 1529 3898 ποτε

212 3913 353 3989 Ἑλλήνων
375 3918 514 3994 ἐχρήσατο
537 3929 572 3992 τῇ
596 3919 756 3992 »ἐνωτῐζουιι
781 3926 959 4000 προσηγορίᾳ
1063 3921 1126 3980 ἀντί
1147 3932 1199 3982 τοῦ
1222 3923 1278 3991 »είς
1294 3924 1329 3982 τὰ
1348 3917 1409 3981 ὦτα
1427 3923 1527 3992 δέξαιι.

216 4002 290 4058 Hier.
303 4003 406 4060 Gomm.
419 4007 484 4064 933:
502 4007 603 4062 Audite
620 4011 649 4062 et
666 4008 776 4062 auribus
794 4007 924 4078 percipite
1026 4013 1085 4064 tam
1102 4012 1202 4076 mente,
1221 4028 1304 4079 quam
1322 4027 1442 4080 corpore„

301 4224 337 4279 11
358 4223 611 4296 μαστιγουμένους]
630 4233 662 4290 -Ι-
676 4231 788 4294 propter
804 4243 847 4290 ιο,
866 4226 966 4294 quibus
982 4227 1042 4294 ι’μεε
1058 4227 1191 4282 obnoxiam
1208 4234 1246 4282 αεί
1257 4228 1284 4282 Η
1298 4231 1302 4296 Ι
1319 4228 1357 4285 12
1375 4225 1414 4284 δι’
1431 4221 1525 4284 άλλων

214 4306 426 4378 κολαζομένων]
444 4319 477 4369 <
489 4309 515 4363 Η
531 4327 566 4366 w.
579 4327 601 4364 ε.
614 4311 669 4364 seh
689 4312 694 4377 Ι
715 4311 754 4367 14
771 4311 866 4379 τινῶν]
890 4310 962 4364 nach
978 4309 1016 4363 H:
1035 4301 1218 4379 quorumdam
1237 4315 1241 4381 Ι
1261 4315 1295 4369 15
1312 4309 1434 4383 ἀγαθὸς]
1452 4321 1485 4378 -Ι-
1502 4319 1526 4367 τί

214 4393 328 4446 αίωαειιε
345 4391 371 4447 Η
394 4396 399 4464 Ι
423 4394 461 4450 11
485 4393 515 4450 δὲ
537 4394 580 4449 Ru
600 4396 732 4449 σιιίεκιΗ
753 4395 815 4464 δὴθ
840 4397 843 4463 Ι
868 4396 903 4451 19
922 4393 1012 4465 ήμῶν]
1032 4401 1119 4451 vestro
1136 4397 1161 4451 Η
1177 4399 1233 4469 vgl.
1246 4399 1274 4452 S.
1291 4400 1332 4460 95,
1349 4399 1381 4452 27
1401 4399 1524 4462 97‚13ff.

214 4477 388 4542 98,1299‚5
413 4480 416 4545 Ι
446 4477 484 4533 24
503 4475 570 4544 τούς
593 4476 695 4546 αὐτούς
715 4479 786 4534 nach
806 4477 843 4534 H:
865 4481 969 4533 eosdem
992 4483 997 4548 Ι
1021 4481 1058 4536 25
1075 4477 1273 4550 ἐνωτίσασθαι]
1298 4499 1334 4537 σα
1355 4482 1386 4536 in
1401 4481 1498 4536 Bas
1520 4485 1522 4548 Ι

213 4555 392 4631 ἀρκούμενος
403 4561 449 4616 Hu
466 4567 606 4616 οοιιίειιίιιε
623 4563 649 4617 Η
661 4561 883 4636 ἀρκουμένουςθ
898 4567 902 4630 Ι
919 4564 957 4620 29
969 4559 1153 4634 ἐνωτίσασθε]
1172 4562 1339 4633 ἐνωτίζεοθε
1352 4567 1369 4620 S
1384 4568 1389 4634 Ι
1405 4567 1444 4622 29
1457 4564 1523 4623 ἐνω-

211 4646 340 4716 τίσασθε]
359 4647 440 4700 seon.
453 4643 644 4703 ἐνωτίσασθαι
656 4649 771 4712 8*-Ι-ιιί
787 4647 861 4702 mihi
877 4647 987 4716 ηιιύιίιιιι
1003 4649 1146 4702 τίαείιινΗ
1161 4651 1165 4715 Ι
1182 4650 1223 4704 99
1241 4647 1268 4705 εἰ
1284 4651 1356 4705 nach
1368 4650 1407 4704 H:
1424 4652 1452 4705 ει·
1468 4649 1523 4720 ἢθ.
