3694 5542
442 431 493 487 Die
511 432 717 504 selbsfflndigen
734 433 898 503 Fragmenta
916 449 963 488 aus
981 433 1030 488 dor
1045 432 1310 503 Prophetenkatene.
1464 442 1523 503 231

221 595 313 686 πλήν
334 593 542 686 ἐξετάσωμεν
563 598 592 668 εἰ
612 603 669 666 καί
690 603 763 686 θεῶ
787 625 838 678 τις
860 603 996 684 θυμιῶν
1019 593 1066 678 ῶς
1087 591 1128 667 ού
1143 601 1198 680 δεῖ,
1218 602 1281 666 τοῦ
1302 596 1448 686 ἄβατον
1467 625 1527 686 γε·

222 701 363 768 νέσθαι
384 700 458 786 γῆν
479 699 588 779 αἴτιος
609 704 746 784 γίνεται.
781 694 846 766 κάν
868 693 909 767 τό
933 695 1099 784 αἰσθητόν
1121 703 1239 766 τοίνυν
1252 692 1425 786 προσάγῃς
1439 696 1527 766 κατὰ

221 793 302 878 τοὺς
322 790 499 878 Ἰουδαίους
530 805 690 885 θυμίαμα,
723 791 847 884 ἇρετήν
876 801 938 882 μὲν
968 796 1057 884 ἔχων
1086 792 1265 885 προσάγεις
1290 804 1416 880 καλῶς,
1448 794 1527 885 σύμ·

221 923 344 982 φωνον
370 897 456 983 έχων
482 895 547 985 τὴν
574 897 718 967 ἔνδοθεν
745 891 903 966 εὐωδίαν·
933 894 1016 984 μετά
1042 901 1160 977 κακίας
1182 901 1218 966 δὲ
1234 902 1457 986 προσφέρων,
1481 900 1527 967 οἳ·

186 1001 292 1068 οονεί
313 1025 389 1078 πως
410 1003 466 1066 καί
487 994 553 1085 τήν
575 989 721 1067 εὐωδίαν
741 995 806 1086 τήν
829 998 893 1082 ἔξω
914 993 1114 1084 χρωννύων,
1136 995 1222 1086 πρός
1244 1001 1412 1068 δυσωδίαν
1430 1023 1529 1086 μετα-

221 1109 340 1178 ποιείς·
371 1088 429 1166 ότε
460 1091 523 1166 οὐκ
552 1091 596 1166 ἂν
626 1103 762 1184 λεχθείη
789 1094 830 1167 τό
860 1091 1071 1216 »ῶσφράνθη
1097 1093 1213 1185 κύριος
1239 1091 1346 1185 όσμήν
1367 1093 1525 1177 εὐωδίας(

222 1189 308 1264 άλλᾶ
330 1191 545 1266 τούναντίον.
575 1189 659 1284 όομή
680 1201 715 1265 δέ
730 1191 871 1276 εὐωδίας
885 1195 976 1283 παρὰ
992 1201 1063 1284 θεῷ
1079 1189 1121 1265 ού
1135 1203 1209 1267 τῶν
1226 1201 1530 1284 προσενεχθέντων

221 1293 313 1382 παρὰ
336 1299 416 1365 Νῶε
444 1292 546 1380 ζῶων
571 1301 737 1383 καθαρῶν
764 1295 955 1385 εἰρημένων,
982 1290 1068 1365 άλλδι
1097 1301 1158 1385 τῆς
1170 1293 1397 1419 δικαιοσύνης
1424 1290 1530 1365 αὐτοῦ

221 1400 278 1465 καὶ
308 1399 370 1483 τῆς
400 1389 630 1484 τελειότητος
661 1387 747 1482 άπερ
773 1386 818 1484 ήν
839 1389 942 1475 αὐτὸς
964 1397 1002 1464 έν
1024 1401 1067 1482 τῇ
1089 1401 1187 1488 γενεᾷ
1208 1391 1321 1466 αὐτοῦ.
1364 1392 1445 1476 θεός
1467 1393 1530 1482 γάρ

171 1495 337 1582 1οαίματι
371 1499 427 1563 καί
462 1497 592 1577 κνίσαις
628 1523 668 1566 ου
659 1490 864 1582 ’τέρπεται,
900 1491 1057 1582 καθάπερ
1088 1497 1120 1565 οί
1149 1500 1314 1585 δαίμονες.
1361 1493 1453 1584 πλὴν
1484 1489 1531 1574 ῶς

220 1598 495 1682 »συνεγερθέντες
518 1599 658 1684 Χριστῷ
680 1593 725 1664 τά
751 1592 825 1664 ἄνω
854 1591 1077 1683 ζητήσωμεν,
1107 1600 1151 1676 εἰς
1179 1600 1262 1665 νοῦν
1289 1591 1467 1683 εἰληφότες
1489 1591 1531 1664 τό

225 1689 426 1782 »γενηθήτω
455 1689 476 1782 ἡ
506 1690 676 1783 προσευχή
706 1721 771 1782 μου
801 1689 849 1776 ῶς
875 1701 1027 1782 θυμίαμα
1052 1689 1205 1764 ένῶπιόν
1226 1717 1320 1764 σουι·
1353 1691 1446 1764 καθὰ
1468 1689 1531 1781 γὰρ

220 1789 378 1882 Ἰωάννης
407 1796 445 1863 έν
466 1787 690 1880 Ἀποκαλύφει
721 1801 819 1881 φησί·
840 1789 1049 1881 »θυμιάματά
1080 1797 1163 1863 εἰσιν
1193 1795 1226 1863 αί
1251 1800 1432 1881 προσευχαί
1458 1796 1533 1862 τῶν
1602 1841 1606 1850 ·

221 1887 348 1980 5ylo)v‹.
382 1885 457 1964 ἄλλ’
479 1894 506 1961 εί
526 1899 588 1981 μέν
610 1899 780 1981 λογισμοῖς
802 1889 932 1979 ταύτην
953 1891 1145 1981 μολύνομεν
1166 1909 1339 1983 πονηροῖς,
1362 1898 1533 1980 συμβαίνει

170 2007 202 2059 15
220 1989 262 2062 τό
296 1987 334 2081 νή
361 1990 530 2081 προσευχὴ
557 1987 674 2063 αὐτῶν
700 1997 851 2080 γενέσθω
878 1994 924 2072 είς
950 1986 1152 2081 άμαρτίανι,
1183 1987 1206 2081 ή
1232 1996 1278 2074 είς
1301 1989 1341 2064 τό
1364 1995 1533 2072 ἐναντίον,

219 2089 281 2162 ἐὰν
316 2087 384 2162 άπὸ
415 2090 624 2181 δικαιοσύνης
654 2087 843 2181 εύξῶμεθα·
872 2093 948 2161 έπελ
974 2098 1047 2162 τῶν
1076 2087 1117 2163 δι’
1148 2087 1312 2180 άμαρτίας
1343 2087 1533 2180 λεγόντων·

223 2189 462 2281 »προσῶζεσαν
497 2197 550 2260 καὶ
582 2188 754 2280 έσάπησαν
787 2194 819 2262 οί
853 2191 1021 2280 μῶλωπές
1051 2217 1117 2278 μου
1149 2186 1217 2262 άπὸ
1247 2190 1439 2278 προσώπου
1469 2195 1531 2276 τῆς

220 2287 417 2381 άφροσύνης
437 2317 532 2378 pov«,
556 2298 682 2381 γίνεται
703 2289 746 2361 τό
768 2297 919 2380 θυμίαμα
942 2295 1094 2373 δυσῶδες.
1138 2287 1256 2380 διόπερ
1270 2286 1401 2373 Ἡσαΐας
1423 2291 1529 2360 εἶπεν·

223 2389 299 2462 »ἐὰν
336 2396 472 2480 φεΙρητε
506 2396 686 2481 σεμίδαλιν,
720 2386 879 2477 μάταιον·
912 2397 1076 2478 θυμίαμα,
1113 2387 1280 2478 βδέλυγμά
1314 2395 1372 2478 μοί
1407 2393 1527 2460 έστινι.
1550 2395 1599 2450 311

171 2513 206 2568 20
222 2497 301 2561 τίνα
331 2496 366 2561 δὲ
397 2485 530 2580 τρόπον
562 2485 713 2572 εὐκτέον,
744 2493 891 2577 ἐδίδαξεν
918 2485 937 2561 5
964 2486 1159 2571 άπόστολος
1186 2495 1309 2576 λέγων·
1346 2487 1527 2578 »βούλομαι

223 2589 303 2672 τούς
330 2587 454 2676 ἄνδρας
480 2586 725 2679 προσεύχεσθαι
752 2593 789 2658 έν
809 2595 914 2660 παντὶ
937 2585 1034 2678 τόπῳ
1058 2593 1261 2710 ἐπαίροντας
1283 2583 1396 2671 όσίους
1416 2606 1527 2679 χεῖρας

220 2683 371 2777 χωρίς’
352 2693 453 2778 οργῆς
480 2695 536 2760 καὶ
562 2694 818 2776 διαλογισμῶνι.
862 2687 1036 2759 τοιούτων
1059 2695 1191 2810 χειρῶν
1210 2692 1443 2777 ἐπαιρομένων
1466 2693 1528 2760 τοῦ

223 2794 375 2910 λήωσέως
397 2793 490 2860 ἐνίκα
511 2784 648 2876 Ἰσραήλ,
670 2792 952 2876 καθαιρουμένων
974 2791 1010 2857 δε
1032 2783 1126 2859 ἐνίκα
1148 2783 1333 2877 δἈμαλήκ.
1374 2781 1392 2858 5
1415 2781 1527 2872 οὕτως

222 2884 400 2976 εὐχόμενος
421 2883 484 2958 οὐκ
506 2882 743 2976 άποτυγχάνει,
766 2882 999 2974 ἀληθεύοντος
1021 2893 1084 2958 τοῦ
1106 2889 1223 2977 ῥητοῦ
1249 2890 1317 2956 »ἔτι
1339 2885 1527 2970 λαλοῦντός

169 3009 282 3064 ἕσσον
310 2991 395 3076 ἐρεῖ·
426 2985 500 3060 ίδού
525 2983 691 3076 πάρειμιι.
735 2993 807 3057 τῶν
829 2979 891 3058 οὐν
912 2993 1104 3076 πονηρῶν
1124 2986 1165 3058 τὸ
1189 2994 1381 3075 θυμίαμα,
1414 2994 1527 3077 φησίν,

220 3082 291 3158 οὐκ
313 3082 490 3177 ήδύνατο
513 3084 651 3173 κύριος
674 3089 733 3156 ἔτι
757 3092 906 3174 φέρειν,
929 3084 1085 3174 καθάπερ
1108 3081 1199 3176 ήμεῑς
1213 3084 1278 3158 κάν
1293 3082 1529 3173 ύπομείνωμέν

219 3215 297 3258 τινα
320 3190 498 3271 δυσωδίαν,
518 3181 592 3258 ἀλλ’
609 3177 714 3258 οὐσαν
735 3192 877 3256 πλείονα
899 3183 1074 3275 φεύγομεν.
1103 3193 1159 3257 καὶ
1182 3181 1201 3256 5
1223 3185 1305 3270 θεὸς
1327 3177 1389 3258 οὐν
1402 3193 1528 3275 μέτρον

220 3281 344 3374 άνοχής
366 3287 464 3373 ἔχων,
486 3285 563 3376 <μή>
582 3291 837 3376 μετανοοῦντας
857 3289 1064 3373 μετέρχεται·
1088 3277 1172 3373 ὅπερ
1189 3289 1245 3358 ἐπὶ
1260 3293 1340 3357 Νῶε
1354 3293 1527 3375 πεποίηκε,

219 3393 292 3458 τῶν
320 3384 401 3458 τότε
430 3383 723 3475 πλημμελούντων
753 3383 819 3473 τήν
848 3388 1016 3455 δυσωδίαν
1046 3390 1163 3474 μηκέτι
1194 3390 1309 3474 φέρειν
1335 3381 1527 3474 δυνάμενος.

168 3502 202 3558 30
220 3481 272 3555 διό
295 3507 399 3572 φησιν
420 3489 458 3557 έν
479 3481 685 3575 προφήταις·
718 3483 916 3574 »έσιῶπησα
938 3483 983 3573 μή
1005 3491 1061 3555 καὶ
1083 3478 1133 3554 άεί
1155 3483 1399 3574 σιωπήσομαιςι

637 3706 694 3774 Nr.
715 3705 825 3774 LXIX.
867 3706 982 3772 Jerem.
998 3714 1047 3787 51,
1062 3712 1110 3774 22.

302 3866 388 3950 (149)
416 3856 471 3944 Ὡς
496 3859 559 3950 γάρ
586 3858 757 3950 σωμάτων
783 3855 982 3949 σεσηπότων
1005 3855 1024 3932 5
1046 3869 1290 3950 παρακείμενος
1311 3859 1527 3950 παραλαμβά-

303 4029 405 4085 06011.
423 4031 447 4094 8,
466 4031 507 4086 21.
525 4059 559 4070 -
578 4030 615 4086 ll
636 4031 701 4101 vgl.
721 4031 857 4098 Κο1.3,1.
876 4057 909 4068 -
927 4030 963 4084 12
982 4029 1055 4084 Psal.
1069 4032 1126 4092 140,
1139 4033 1163 4086 2.
1176 4061 1209 4070 -
1223 4031 1258 4087 13
1276 4031 1340 4101 Vgl.
1358 4031 1446 4102 Apok.
1465 4030 1526 4085 Joh.

219 4117 243 4179 ὅ,
262 4115 286 4170 8.
308 4143 338 4152 —-
358 4115 394 4171 17
414 4114 488 4168 Ρεεδ.
506 4116 547 4179 37,
565 4115 590 4170 6.
608 4145 642 4153 -
666 4115 704 4172 10
722 4115 776 4170 ίοε.
795 4118 819 4181 1,
837 4117 878 4169 13.
901 4143 934 4152 -
953 4114 993 4170 20
1015 4114 1026 4166 Ι
1043 4112 1113 4171 Tim.
1131 4116 1156 4182 2,
1173 4117 1197 4172 8.
1216 4145 1249 4154 -
1268 4115 1337 4172 221.
1355 4115 1420 4186 vgl.
1438 4114 1526 4170 Exod.

221 4201 261 4261 17,
281 4201 320 4254 11.
338 4228 373 4238 -
390 4197 430 4254 24
449 4197 656 4263 7011589.-
674 4197 714 4254 00
731 4199 785 4254 ίοε.
802 4201 844 4264 42,
863 4201 904 4253 14.

305 4349 324 4405 2
342 4351 468 4420 γίγνεται
486 4347 555 4418 010
572 4348 675 4417 καλῶς]
692 4348 782 4404 καλόν
801 4367 816 4403 ο
835 4349 839 4417 Ι
860 4348 879 4404 4
898 4342 1025 4419 ἔνδοθεν]
1044 4343 1153 4406 ἔσωθεν
1171 4367 1187 4405 ο
1203 4352 1207 4417 Ι
1226 4351 1240 4404 7
1261 4347 1334 4419 ὀσμή
1353 4351 1385 4419 δή
1403 4367 1418 4404 α
1437 4347 1527 4418 ὀσμήν

219 4426 282 4491 2οὲ
299 4452 316 4489 ο
336 4435 340 4502 Ι
362 4434 401 4491 14
424 4431 459 4504 εί]
477 4433 493 4503 Ι
512 4449 529 4488 ο
548 4433 553 4503 Ι
574 4433 610 4489 10
627 4430 689 4488 έπεί
706 4433 783 4488 ΒῙαεε
802 4429 848 4489 έπί
866 4433 918 4488 clo
938 4434 943 4502 Ι
964 4433 1003 4490 10
1026 4431 1145 4506 φέρηται
1163 4452 1178 4489 0
1194 4436 1198 4502 Ι
1215 4434 1252 4489 20
1268 4431 1384 4490 εὐκτέον
1402 4433 1447 4489 Gh
1466 4431 1527 4490 εὐκ-

218 4526 299 4576 ταῖον
317 4519 369 4574 αῙο
394 4521 398 4587 Ι
423 4519 459 4574 28
476 4519 612 4586 μωυοέως
629 4517 682 4572 clo
706 4519 710 4586 Ι
734 4517 775 4573 24
792 4515 888 4590 ῥητοῦ]
908 4525 937 4582 -1-
954 4516 987 4573 τὸ
1006 4534 1023 4571 ο
1046 4519 1051 4587 Ι
1076 4518 1114 4575 25
1132 4515 1224 4591 έρῶο
1248 4519 1252 4587 Ι
1277 4515 1345 4588 ἰδού]
1364 4526 1396 4584 ·Ι-
1409 4514 1467 4588 έγὼ
1485 4534 1501 4572 o
1522 4521 1524 4543 ¹

218 4604 258 4661 20
276 4600 393 4659 ἐδύνατο
413 4603 504 4672 0128
521 4605 561 4672 μή
580 4603 624 4658 Gh
639 4603 644 4672 Ι
660 4603 697 4658 00
714 4598 900 4672 ἐσιωπήσατε·
918 4603 957 4671 μή
976 4619 998 4656 α
