3694 5542
530 479 581 536 Die
598 479 761 549 fingmento
779 497 828 535 aus
846 479 894 535 der
911 481 1176 550 Prophetenkateue.

573 729 630 796 Nr.
652 728 751 796 XXII.
793 730 1046 815 Κίεμείιέεεεω.
1063 739 1088 808 1,
1104 734 1131 796 8.

280 885 386 966 δηλοῖ
409 875 474 964 τήν
496 872 674 965 ἀνακοπὴν
694 883 769 948 τῶν
790 871 1045 966 ἁμαρτημάτων
1066 880 1128 964 τῆς
1148 870 1366 965 Ἰερουσαλήμ,
1391 871 1503 948 ούκέτι

194 996 280 1060 »τοῖς
308 979 501 1066 ἔμπροσθεν
526 978 814 1063 ἐπεκτεινομένης
841 982 915 1046 τῶν
941 971 1167 1065 πταισμάτων
1193 969 1271 1045 οῦδὲ
1293 979 1330 1046 ἐν
1352 981 1395 1062 τῇ
1416 981 1503 1063 νομῇ

195 1082 270 1146 τῶν
283 1070 538 1165 άμαρτημάτων
552 1081 738 1164 γινομένης,
755 1070 829 1146 άλλ’
845 1069 1206 1164 άποστρεφομένης
1228 1077 1283 1156 είς
1305 1073 1353 1145 τὰ
1375 1071 1502 1146 ὀπίσω

160 1179 249 1246 δέπὶ
272 1182 322 1265 τῷ
345 1180 419 1264 ίδίῳ
442 1180 546 1264 καλῷ.

563 1359 620 1428 Nr.
641 1359 754 1427 XXIII.
798 1360 920 1446 Klagel.
934 1360 1049 1430 Ierem.
1065 1371 1091 1444 1,
1106 1368 1134 1429 9.

278 1507 376 1580 Κατὰ
404 1515 465 1598 μὲν
496 1506 561 1598 τήν
590 1504 787 1595 σωματικήν
812 1503 963 1596 διήγησιν
991 1503 1033 1579 τὰ
1061 1503 1244 1597 λεγόμενον
1270 1512 1346 1597 περὶ
1368 1511 1429 1596 τῆς
1449 1499 1500 1577 Ἱε-

192 1607 367 1697 ρουσαλήμ
390 1614 453 1679 νῦν
475 1604 638 1680 τοιοῦτόν
659 1610 760 1678 ἐστιν.
802 1602 997 1696 ἐμπόδιόν
1027 1609 1119 1678 ἐστιν
1141 1603 1161 1698 ή
1188 1601 1413 1695 άκαθαρσία
1439 1610 1500 1694 τῆς

192 1703 415 1796 Ἰερουσαλήμ·
441 1713 535 1789 τίνος
557 1711 592 1776 δὲ
613 1701 784 1803 ἐμπόδιον,
808 1703 887 1797 ἡμῖν
908 1712 1135 1779 καταλέλοιπε
1155 1725 1247 1778 νοεῖν
1269 1699 1288 1778 ὰ
1310 1703 1500 1796 προφήτης.

142 1828 177 1883 10
194 1805 278 1896 τάχα
301 1798 364 1878 ούν
386 1814 486 1896 δηλοῖ
505 1799 561 1878 ὅτι
581 1801 756 1894 κωλυτική
779 1809 850 1876 ἐστι
870 1813 931 1897 τῆς
946 1813 1086 1896 πορείας
1103 1801 1243 1896 αύτήςή
1264 1801 1499 1897 άκαθαρσία.

194 1901 280 1977 άλλὰ
309 1912 365 1976 καὶ
392 1901 506 1977 τοιάδε
529 1897 581 1986 τις
604 1895 687 1975 οὖσα
708 1910 806 1995 δηλοῖ
826 1897 882 1976 ὅτι
902 1901 1115 1997 Ἰερουσαλήμ
1136 1912 1211 1976 τῶν
1232 1903 1412 1994 ἐσχάτων
1434 1901 1499 1976 αύ-

194 2011 264 2094 τῆς
300 2002 371 2077 οῦκ
407 2001 707 2095 ἐμνημόνευσεν.
751 2010 860 2076 ταῦτα
890 2011 925 2076 δέ
956 2000 975 2076 δ
1006 2009 1094 2094 ἔχων
1123 2003 1191 2094 πρὸ
1223 1999 1419 2094 ὀφθαλμῶν
1443 2012 1499 2074 καί

193 2099 288 2192 δρῶν
319 2111 353 2175 τί
383 2104 437 2176 διὰ
468 2104 512 2176 τὰ
541 2099 765 2194 άμαρτήματα
794 2101 1040 2195 ἀπαντήσεται,
1072 2101 1131 2194 ούχ
1161 2101 1397 2196 ἁμαρτήσεται.
1445 2102 1498 2176 διὰ

193 2204 322 2294 ταύτην
350 2211 468 2276 τοίνυν
495 2203 560 2293 τήν
587 2199 801 2293 ὰκαθαρσίαν
822 2202 986 2293 ἐμπόδιον
1007 2202 1105 2293 αὐτῇ·
1135 2211 1191 2275 καὶ
1211 2203 1266 2275 διὰ
1288 2202 1329 2275 τὰ
1351 2203 1395 2295 μή
1416 2233 1498 2295 μνη-

142 2327 173 2380 15
191 2302 344 2393 μονεύειν
367 2299 475 2392 αύτήν
495 2309 570 2374 τῶν
591 2300 772 2391 ἐσχάτων
795 2299 932 2391 αὐτῆς,
956 2301 998 2373 τὰ
1022 2302 1230 2394 θαυμαστὰ
1254 2300 1358 2394 αύτής
1379 2311 1435 2375 καί
1455 2303 1497 2374 τὰ

191 2400 327 2492 μεγάλα,
344 2396 444 2474 άτινα
460 2403 546 2490 εἶχεν
561 2395 620 2472 ὅτε
635 2396 710 2488 άξία
725 2409 789 2474 τοῦ
803 2406 1059 2474 ἐπισκοπεῖσθαι
1073 2401 1241 2493 ἐτύγχανε,
1263 2410 1496 2486 κατεβίβασε

189 2509 245 2571 καὶ
276 2507 321 2584 είς
350 2501 583 2592 ταπεινότητα
604 2496 732 2590 ήνεγκε,
762 2497 934 2590 πρότερον
954 2498 1155 2591 ύπέρογκα
1177 2495 1262 2573 ὄντα
1283 2509 1339 2573 καὶ
1360 2510 1497 2593 μείζονα

189 2599 320 2682 παντὸς
350 2605 499 2672 ἐπαίνου.
542 2597 630 2672 άλλὰ
659 2609 715 2671 καὶ
736 2599 820 2690 μετὰ
843 2607 953 2670 ταῦτα
973 2598 1089 2672 πάντα
1116 2597 1187 2673 οῦκ
1213 2593 1255 2691 ἦν
1278 2596 1296 2673 ὰ
1319 2629 1496 2693 παραμυ-

189 2698 390 2789 θούμενος
420 2699 485 2789 τὴν
515 2699 558 2771 τὰ
588 2705 726 2789 μέγιστα
758 2697 862 2790 αύτής
892 2698 1170 2789 καταβιβάσασαν.
1212 2704 1268 2772 ἐπὶ
1298 2700 1434 2785 τούτοις
1460 2706 1495 2772 δέ

138 2797 405 2888 υοκατανάησον
437 2798 513 2888 τήν
542 2804 635 2888 ἐμοῦ
666 2804 728 2870 τοῦ
759 2805 919 2888 λέγοντος
950 2808 1215 2886 ταπείνωσιν,
1251 2798 1376 2891 κύριε,
1407 2803 1495 2872 ἐπει-

189 2896 295 2987 δήπερ
322 2892 341 2969 ὰ
368 2896 512 2987 ἐχθρὰς
534 2902 586 2969 ἐπὶ
609 2918 681 2980 τοῖς
702 2904 896 2988 γενομένοις
916 2907 959 2988 τῇ
977 2905 1116 2989 πατρίδι
1134 2929 1199 2990 μου
1221 2899 1494 2990 μεγαλύνεται.

273 3003 338 3070 Καὶ
360 2993 431 3086 μετ’
454 2993 563 3087 ύλίγα·

274 3101 452 3186 Ζητητέον
481 3103 598 3186 μέντοι
628 3096 715 3168 κατὰ
744 3097 824 3180 τοῦς
847 3102 908 3187 τῆς
930 3093 1109 3188 άναγωγής
1131 3095 1269 3186 νόμους,
1300 3103 1328 3168 εί
1350 3095 1498 3170 δυνατὸν

190 3199 227 3266 ἐν
249 3224 317 3267 τινι
340 3193 520 3286 τυγχάνειν
541 3191 753 3286 ἀκαθαρσίαν
776 3191 837 3269 οῦκ
858 3203 956 3286 αἰτίῳ
981 3196 1107 3287 ταύτης
1130 3189 1214 3267 ὄντι.
1247 3201 1373 3287 ἴδωμεν
1392 3202 1497 3270 δὲκαὶ

138 3317 171 3370 25
191 3295 233 3365 τὰ
248 3303 373 3384 πρῶτα
388 3293 541 3386 νοήματα
557 3301 620 3366 τοῦ
631 3291 775 3385 θρήνου.
810 3291 832 3386 ή
847 3293 963 3369 τοιάδε
978 3295 1067 3386 ψυχή
1083 3301 1268 3369 ἐκπεσοῦσα
1282 3292 1423 3382 πάντως
1442 3304 1497 3367 καὶ

190 3399 226 3466 ἐν
249 3389 439 3487 άκαθαρσίηι
462 3399 563 3480 ἐστίν,
590 3390 666 3484 ήτις
692 3390 881 3483 άκαθαρσία
902 3394 1025 3466 κωλύει
1048 3395 1112 3486 τὴν
1134 3392 1233 3486 άγίαν
1255 3391 1337 3469 ὰδὰν
1359 3389 1496 3468 ὁδεύειν.

190 3502 246 3564 καὶ
282 3492 397 3580 ὥσπερ
428 3494 472 3566 τὰ
506 3490 708 3584 ὑποδήματα
738 3492 910 3567 κελεῦεται
940 3491 1007 3568 ῦπὰ
1040 3503 1123 3568 θεοῦ
1150 3493 1386 3569 ῦπολύσασθαι
1412 3490 1496 3588 ὰγίω

192 3589 291 3683 τόπῳ
318 3599 505 3677 ἐπιβαίνων
533 3588 552 3666 ὰ
581 3591 671 3684 ίερὰς
693 3600 821 3684 Μωσής
849 3603 905 3666 καὶ
935 3590 954 3665 ὰ
984 3591 1139 3684 διάδοχος
1168 3592 1275 3667 αύτοῦ
1294 3591 1429 3685 Ἰησοῦς,
1457 3592 1499 3668 ού

191 3690 409 3782 καθήκοντος
440 3703 651 3783 περικεῖσθαι
682 3693 805 3783 νεκρὰν
835 3693 942 3786 δορὰν
972 3699 1009 3766 ἐν
1038 3697 1120 3786 ἱερῷ
1148 3691 1246 3784 τύπῳ
1274 3695 1354 3778 τοῦς
1379 3691 1497 3780 πύδας,

140 3809 174 3865 30
192 3786 303 3874 οῦτως
330 3798 358 3862 εί
379 3799 498 3881 μέλλοι
520 3823 572 3876 τις
595 3787 724 3864 ὁδεύειν
745 3788 1011 3880 άνεμποδίοτως,
1034 3791 1120 3882 τάχα
1141 3790 1182 3865 ού
1202 3791 1310 3882 μόνον
1330 3791 1498 3867 ύπολύσα-

191 3902 282 3974 σθαι,
306 3887 393 3963 ὰλλὰ
414 3899 470 3962 καὶ
492 3887 757 3964 άποπλῦνασθαι
779 3887 907 3980 ὀφείλει
924 3891 990 3982 τήν
1008 3889 1222 3984 ἀκαθαρσίαν
1236 3894 1300 3985 τήν
1314 3899 1498 3984 γενομένην

192 3985 259 4060 άπὸ
290 3997 352 4061 τοῦ
383 3997 447 4078 χοῦ
475 3999 553 4081 περὶ
582 3991 663 4073 τούς
692 3987 808 4074 πόδας.
850 3996 905 4061 καὶ
933 3987 1075 4078 οἰόμεθά
1105 4021 1142 4082 γε
1172 3991 1299 4063 τούτου
1329 3990 1498 4080 σύμβολον

275 4159 294 4214 ε
313 4159 375 4230 vgl.
395 4159 466 4214 Phil.
485 4164 509 4226 3,
528 4164 569 4217 14.
588 4191 620 4200 -
640 4160 792 4230 271.ng
812 4159 899 4217 Exod.
917 4162 942 4226 3,
960 4165 985 4218 5.
1002 4191 1035 4202 -
1053 4159 1093 4219 τε
1112 4161 1176 4231 Vgl.
1194 4161 1249 4217 σοι.
1267 4163 1291 4224 ο,
1311 4164 1350 4218 15.

279 4311 292 4364 7
313 4308 408 4380 Κατὰ]
428 4312 526 4366 vorhor
543 4318 594 4366 τοῦ
612 4309 698 4366 αὐτοῦ
716 4327 753 4367 σο
769 4310 805 4378 18
826 4307 963 4380 ἐμπόδιόν
981 4307 1066 4380 ἐστιν]
1086 4320 1119 4371 <
1137 4309 1213 4380 οΙιΙΙ
1232 4307 1266 4380 ήν
1283 4327 1300 4365 ο
1319 4313 1324 4380 Ι
1343 4313 1360 4367 θ
1381 4311 1496 4368 καταίέ·

190 4395 289 4449 λοιπεν
312 4389 328 4448 δ
353 4391 539 4462 ιΙνδοΙΙῙ
565 4389 828 4464 δτιΙ-Ι-ήοΙΜ
850 4397 1173 4465 καίΙ<υΙμΙΙ<ε
1196 4399 1201 4464 Ι
1226 4397 1261 4452 Ιῦ
1283 4393 1431 4464 θαυμάσια
1454 4399 1496 4462 οΙ

190 4479 249 4547 καί]
268 4486 301 4537 <
319 4495 333 4532 υ
348 4480 353 4546 Ι
369 4479 408 4534 λθ
422 4476 507 4547 αὐτῆς
519 4479 562 4532 Gh
575 4477 661 4549 αὐτὴν
678 4481 786 4548 00121
804 4477 1014 4550 μεμεγάλυνται
1030 4497 1046 4535 υ
1060 4483 1064 4548 Ι
1081 4480 1120 4536 24
1138 4475 1241 4550 ἴδωμεν
1260 4480 1323 4535 θεά
1336 4498 1377 4550 gr.
1390 4482 1498 4544 1153l54

190 4557 304 4629 είδομεν
326 4557 477 4632 οείδωμεν
495 4580 511 4617 ο
531 4565 535 4633 Ι
556 4563 595 4620 25
613 4567 753 4635 νοήματα]
771 4564 859 4634 νοητὰ
879 4583 895 4619 ο
913 4567 917 4634 Ι
936 4567 985 4620 καί
1007 4575 1106 4621 cowrr·
1125 4563 1155 4620 δὲ
1172 4565 1204 4619 ο*
1220 4566 1224 4633 Ι
1240 4564 1279 4620 28
1301 4581 1415 4634 μωυσης
1436 4581 1473 4622 eo
1493 4616 1495 4632 ‚

190 4647 230 4702 82
248 4654 301 4717 χοῦ
319 4647 397 4702 Βίυεε
414 4655 484 4718 χνοῦ
502 4665 546 4705 σο.
