3702 5540
336 487 355 548 8
781 475 920 549 Origene&
937 475 1195 532 Jeromiahomilien.

337 636 437 728 λόγος
478 639 564 727 πρὸς
600 639 664 712 τὸν
698 645 847 728 πατέρας
896 635 1064 729 μανθάνει
1098 630 1160 710 οὖν
1193 644 1249 710 καί
1279 643 1384 710 οἱονεί
1413 633 1638 728 ἀναλαμβάνει

336 737 525 829 ἐπιστήμην
562 738 603 813 06
639 739 810 832 μεγάλων
842 735 914 810 ἀλλ’
949 733 1204 828 ὑποδεεστέρων
1232 746 1289 809 καί
1318 743 1538 828 μικροτέρων.
1584 743 1639 806 καὶ
1710 785 1711 791 1

336 836 451 929 ὥσπερ
477 837 645 962 μανθάνω
671 837 866 929 βιαζόμενος
894 836 1040 927 ἐμαυτόν
1065 845 1247 925 ψελλίζειν,
1275 868 1311 909 ο
1318 867 1334 909 ε
1359 843 1506 919 παιδίοις
1533 841 1639 908 διαλέ-

335 965 435 1028 γομαι
457 935 511 1028 (οὗ
532 940 594 1029 γὰρ
617 937 836 1028 ἐπιστάμενος
856 943 1017 1023 παιδιστί,
1038 931 1139 1009 ίν’“’
1097 965 1211 1022 ουτως
1226 941 1321 1021 ε’ίπι,
1344 944 1465 1021 λαλεῖν,
1486 933 1639 1024 βιάζομαι

301 1030 513 1123 στέλειος
490 1067 542 1111 ων
568 1044 779 1129 διαλέγεσθαι
805 1043 978 1124 παιδίοις),
1006 1036 1069 1109 τόν
1098 1034 1206 1108 αὐτὸν
1233 1033 1366 1126 τρόπον
1390 1029 1492 1106 xaz‘
1473 1032 1639 1126 οσωτήρ,

335 1129 387 1208 ὢν
408 1144 469 1224 μὲν
493 1141 548 1210 »ἐν
569 1146 620 1228 τῷ
642 1149 763 1226 πατρὶ(
787 1145 842 1208 καί
864 1141 901 1209 ἐν
923 1144 967 1226 τῇ
992 1133 1229 1227 μεγαλειότητι
1255 1143 1317 1227 τῆς
1343 1131 1442 1225 δόξης
1469 1140 1531 1207 τοῦ
1556 1140 1641 1207 θεοῦ

336 1233 527 1325 τυγχάνων,
557 1233 599 1309 06
628 1249 725 1311 λαλεῖ
753 1235 970 1326 άνθρσόπινα,
1002 1233 1064 1308 οόκ
1090 1237 1160 1308 οίδε
1193 1242 1402 1326 φθέγγεσθαι
1435 1253 1508 1318 τοῖς
1537 1231 1641 1306 κάτω.

337 1329 396 1408 ότε
422 1341 457 1406 66
482 1339 613 1428 ἔρχεται
639 1343 685 1421 είς
711 1345 808 1426 σῶμα
833 1333 1072 1426 άνθράπινσν,
1104 1343 1191 1427 λέγει
1216 1334 1304 1407 κατὰ
1329 1333 1393 1418 τάς
1414 1330 1530 1423 άρχάς·
1561 1328 1640 1404 »οὐκ

335 1440 515 1526 ἐπίσταμαι
545 1444 673 1521 λαλεῖν,
715 1430 770 1508 ότι
800 1437 966 1526 νεοότερος
993 1436 1058 1523 ίγιό
1086 1441 1183 1524 είμιι·
1223 1434 1389 1556 νερότερος
1421 1439 1458 1505 δὲ
1492 1432 1545 1505 διά
1576 1431 1640 1523 τὴν

285 1551 318 1605 10
335 1541 463 1621 γένεσιν
499 1534 564 1625 τὴν
604 1534 814 1626 σωματικήν,
858 1535 1083 1626 πρεσβύτερος
1123 1541 1159 1608 66
1193 1533 1280 1606 κατά
1316 1533 1357 1606 τό
1397 1529 1639 1622 »πρωτότοκος

334 1633 443 1724 πάσης
467 1641 641 1721 κτίσεωςι,
667 1637 849 1726 νεοότερος,
877 1629 932 1709 ότι
961 1639 1034 1707 »ἐπὶ
1060 1642 1313 1756 συντελείηι
1255 1661 1329 1706 των
1350 1633 1506 1705 αίσίνωντ
1531 1623 1637 1722 ἦλθεν

335 1729 475 1824 <καί>υ
454 1759 598 1821 υστερον
626 1743 677 1828 τῷ
707 1742 770 1827 βίῳ
799 1734 1026 1856 ἐπιδεδήμηκε.
1075 1741 1161 1824 λέγει
1191 1763 1253 1807 ουν
1277 1733 1318 1806 τό
1352 1731 1432 1807 »οὐκ
1460 1738 1638 1822 ἐπίσταμαι

336 1843 479 1919 λαλεῖνι,
501 1831 576 1906 οίδά
598 1863 675 1907 τινα
696 1843 833 1926 μείζονα
848 1865 911 1908 του
895 1843 1048 1922 ’,λαλεῖν
1071 1833 1145 1907 οίδά
1160 1863 1237 1907 τινα
1251 1841 1388 1924 μείζονα
1402 1861 1466 1906 του
1449 1828 1638 1920 ’φθόγγου

336 1931 462 2005 τούτου
489 1941 552 2005 τοῦ
578 1931 812 2026 ἀνθρωπίνου.
858 1943 969 2019 θέλεις
993 1963 1032 2026 με
1058 1946 1174 2008 λαλεῖν
1199 1933 1417 2022 άνθροόποιςῑ
1448 1925 1544 2005 οόπω
1571 1927 1639 2003 διά-

284 2050 317 2104 15
336 2039 458 2105 λεκτον
464 2029 706 2155 ἀνθρωπίνην
732 2032 910 2126 άνείληφα,
939 2037 1003 2123 ἔχω
1030 2031 1207 2106 διάλεκτον
1234 2040 1302 2118 σοῦ,
1330 2039 1394 2105 τοῦ
1413 2037 1511 2155 θερῦ,
1539 2026 1639 2118 λόγος

335 2136 399 2221 είμί
418 2139 488 2218 σοῦ,
510 2162 574 2206 του
558 2141 681 2221 θεοῦ,
704 2143 756 2206 σοί
772 2137 846 2208 οίδα
860 2140 1170 2225 προσδιαλέγεσθαι,
1194 2130 1392 2222 άνθραόποις
1410 2127 1490 2203 »οὐκ
1505 2135 1636 2201 ἐπίστα-

335 2259 393 2350 ραι
414 2241 555 2318 λαλεῖν(
557 2231 769 2406 γνεσότερός
791 2238 882 2325 είμιτ
906 2240 917 2325 ΙΙ
942 2245 970 2306 9.
992 2233 1073 2323 <νμίγ
1095 2227 1210 2322 λέγεο
1191 2263 1246 2305 οτι
1268 2232 1436 2352 νεώτερος
1457 2230 1524 2320 ἐγω
1547 2234 1637 2318 είμι,>
1660 2245 1704 2299 13]

336 2323 391 2400 ότι
412 2329 498 2420 πρὸς
519 2330 651 2418 πάντας
673 2331 732 2418 οὓς
754 2332 813 2406 ίάν
834 2340 1062 2422 ἐξαποστείλω
1085 2355 1120 2403 σε
1142 2331 1320 2422 πορεόσηι.
1355 2325 1499 2414 οὕτως»
1487 2335 1638 2401 »ἐκτείνει

336 2428 401 2518 τὴν
430 2448 537 2522 χεῖρα,
574 2427 718 2504 άπτεται
748 2440 811 2505 τοῦ
840 2429 1009 2522 στόματος
1041 2429 1161 2517 αότοῦ,
1200 2438 1337 2506 δίδωσιν
1374 2427 1468 2521 αὐτῷ
1505 2427 1638 2520 λόγους,

284 2537 318 2592 20
334 2535 390 2599 καί
425 2535 565 2603 δίδωσιν
601 2531 696 2624 αὐτῷ
732 2529 853 2623 λόγους
888 2531 943 2605 διά
974 2531 1035 2617 τάς
1065 2535 1322 2619 βασιλείας,ίν
1323 2527 1547 2619 ’ίκριζώσηε
1599 2523 1640 2600 06

334 2636 449 2717 χρείαν
463 2637 498 2703 δ
512 2632 598 2721 εἶχεν
612 2632 838 2721 ίκριςοόντων
853 2629 977 2720 λόγων,
1000 2625 1059 2705 ότε
1073 2623 1116 2721 ἦν
1133 2635 1189 2703 »ἐν
1210 2637 1295 2723 (τῷ)
1310 2636 1443 2719 ποτρίι,
1466 2658 1507 2701 ου
1497 2626 1639 2719 ’χρείαν

335 2729 399 2817 είχε
420 2729 735 2805 κατασκαπτόντων
757 2729 871 2822 λόγων
892 2740 947 2803 καί
964 2729 1228 2855 καθαιρούντων
1244 2760 1287 2803 τα
1274 2730 1448 2854 χείρονα·
1463 2724 1562 2801 οὐδὲν
1577 2725 1639 2847 γάρ

250 2851 318 2906 212v
335 2818 379 2915 ἦν
400 2827 497 2914 ἄξιον
522 2839 740 2922 κατασκαφῆς
766 2836 841 2917 ἐκεῖ,
869 2822 1014 2904 οὐδὲν
996 2860 1039 2921 ην
1069 2829 1165 2918 ἄξιον
1190 2835 1281 2920 ἐκριζ
1263 2830 1405 2918 ζάσεως.
1433 2839 1438 2914 1
1465 2834 1557 2951 μέγα
1579 2817 1667 2899 οὖν.

336 2927 481 3014 ἐστιν,<
453 2960 501 3013 ως
515 2929 557 3002 τὸ
582 2926 661 3002 »οὔκ
677 2927 786 3003 οίδας
765 2937 860 3021 υμᾶς,
876 2925 931 3003 ότι
944 2930 1080 3054 ἐργάται
1095 2935 1170 3002 ἐστὲ
1184 2927 1354 3020 άνομίαςτ,
1371 2923 1480 3012 οὕτως
1495 2923 1562 2999 άπὸ
1577 2932 1640 2998 τοῦ

285 3051 318 3104 25
337 3035 490 3118 σωτῆρος
520 3028 702 3119 λεγόμενον
735 3029 789 3101 διά
822 3029 863 3103 τὸ
896 3027 1108 3119 δπερβάλλον
1134 3035 1277 3121 μέγεθος
1306 3034 1367 3120 τῆς
1396 3024 1495 3117 δόξης
1524 3023 1638 3108 αὐτοῦ,

336 3132 410 3199 ίσσν
428 3124 617 3218 δυνάμενον
635 3136 687 3220 τῷ
708 3125 770 3199 οὐκ
789 3134 966 3218 ἐπίσταμαι
987 3142 1100 3203 λαλεῖν
1122 3127 1326 3220 άνθραόπινα
1351 3125 1391 3200 τό
1410 3123 1490 3199 »οὐκ
1507 3131 1639 3198 ἐπίστα-

335 3254 394 3314 μαι
416 3235 559 3299 λαλεῖνι.

421 3338 468 3399 16.
503 3331 583 3396 Είτε
618 3332 654 3397 66
688 3326 774 3416 πρὸς
809 3325 872 3400 τὸν
904 3323 1058 3418 Ἱερεμίαν
1098 3334 1165 3402 είτε
1198 3327 1284 3417 πρός
1319 3325 1382 3400 τὸν
1418 3333 1555 3417 σωτῆρα
1590 3331 1640 3397 λέ-

336 3450 443 3516 γεται
475 3423 561 3516 »πρὸ
591 3432 656 3497 τοῦ
684 3454 724 3515 με
753 3424 879 3499 πλάσαι
908 3448 944 3497 σε
974 3429 1011 3498 ἐν
1039 3436 1152 3522 κοιλία
1178 3433 1357 3518 ἐπίσταμαί
1383 3449 1448 3514 σει,
1476 3423 1641 3546 άναχνούς

285 3546 335 3601 30
333 3525 415 3648 την
426 3531 562 3596 Γένεσιν
587 3531 644 3596 καί
669 3522 816 3616 τηρήσας
841 3525 886 3597 τὰ
905 3531 1068 3616 είρημένα
1089 3535 1165 3615 περὶ
1187 3533 1248 3618 τῆς
1268 3535 1409 3610 κτίσεως
1430 3532 1495 3598 τοῦ
1515 3521 1641 3614 κόσμου

337 3622 498 3746 εδρήσεις,
530 3618 584 3697 ότι
615 3622 636 3716 6
666 3625 779 3716 γραφὴ
809 3623 900 3697 πάνυ
937 3627 1226 3700 διαλεκτικώτατα
1257 3624 1320 3700 οὐκ
1354 3618 1503 3698 είπεν”
1483 3653 1539 3697 οτι
1573 3621 1639 3744 πρό

336 3731 400 3796 τοῦ
424 3753 464 3836 με
488 3732 630 3836 ποιῆσαί
664 3747 699 3796 σε
726 3729 762 3798 ἐν
794 3732 906 3818 κοιλίᾳ
936 3729 1114 3817 ἐπίσταμαί
1145 3749 1187 3798 σε.
1236 3720 1295 3799 ότε
1320 3731 1381 3824 μἐν
1407 3723 1471 3826 γάρ
1497 3719 1517 3797 6
1548 3718 1639 3795 »κατ’

421 3894 436 3948 1
459 3893 1563 3967 ngJoh.1,1.2.-ss.21vg1Joh.14,10.11.-1⁰vgl.K01.1,15.-11
1578 3891 1640 3963 vgl.

333 3978 416 4034 Hebr.
430 3979 455 4045 9,
467 3979 508 4035 26.
526 4010 559 4019 -
578 3979 617 4036 24
636 3981 700 4052 vgl
712 3981 812 4035 Matth.
825 3983 848 4048 7,
860 3981 894 4034 23
906 3980 973 4036 Luk.
985 3983 1024 4048 13,
1038 3981 1078 4036 27.
1091 4012 1125 4021 -
1137 3981 1176 4038 26
1197 3979 1425 4052 ῖς1.11ρ1.1,1σ
1448 3979 1474 4033 11
1486 3978 1586 4046 Κοεξθ,
1600 3979 1639 4033 10.

334 4093 368 4103 -
386 4063 423 4120 81
433 4062 502 4133 ·Vgl.
515 4063 582 4121 Gen.
595 4067 618 4132 1,
630 4067 671 4122 26.
690 4096 723 4104 -
741 4064 822 4121 6211.
839 4064 903 4136 Vgl.
915 4064 945 4118 in
956 4065 1024 4122 Gen.
1036 4065 1116 4122 Hom.
1129 4071 1152 4132 1,
1165 4067 1197 4122 13
1216 4066 1391 4134 (608,121):
1407 4063 1470 4119 Non
1487 4063 1640 4130 enim...

331 4147 422 4202 ίσσίαε
440 4157 497 4202 esne
509 4149 657 4218 corporalis
673 4149 756 4205 homo
769 4149 876 4218 dicitur,
894 4149 942 4204 sed
957 4150 1107 4220 plasmatus
1126 4191 1194 4206 ....
1223 4151 1251 4206 Ιε
1264 4151 1366 4212 autem,
1386 4148 1433 4218 qui
1445 4147 1481 4201 ad
1491 4147 1640 4218 imaginem

334 4231 385 4287 Dei
400 4233 489 4288 faetus
512 4235 553 4288 est
575 4236 603 4289 et
620 4234 656 4288 ad
673 4234 891 4301 similitudinem,
909 4233 1024 4288 interior
1040 4237 1123 4290 homo
1142 4222 1235 4290 αοεθσε
1252 4235 1295 4289 est
1311 4236 1372 4300 σία,
1389 4250 1416 4288 u.
1428 4237 1453 4286 6.

420 4383 458 4438 12
476 4385 526 4439 καί
538 4385 576 4440 Co
587 4389 612 4438 σί
623 4382 649 4439 Η
664 4386 668 4452 Ι
685 4385 722 4440 16
735 4402 761 4439 u.
776 4386 815 4440 16
826 4391 878 4440 τοῦ
890 4385 970 4455 θεοῦ]
983 4393 1016 4444 <
1028 4384 1061 4451 Η,
1073 4385 1145 4440 nach
1156 4384 1201 4440 Hu
1213 4384 1264 4439 mit
1275 4383 1363 4439 Recht
1377 4383 1382 4451 Ι
1398 4383 1434 4438 11
1455 4379 1534 4452 είμιί]
1549 4388 1581 4445 -1-
1593 4381 1641 4435 καί

334 4461 396 4522 εἶπε
413 4465 510 4540 κύριος
527 4468 599 4542 πρός
615 4487 652 4538 με
670 4469 708 4525 Co
732 4470 735 4536 Ι
759 4467 899 4538 μίγ-είμι
915 4468 1015 4524 mi6H:
1039 4468 1106 4524 Noli
1121 4471 1224 4524 dicere:
1242 4467 1356 4530 Juvem's
1373 4485 1419 4537 εηο
1437 4483 1501 4520 susm
1523 4469 1528 4534 Ι
1553 4463 1641 4533 12126

334 4552 612 4624 δίδωσιν-λόγουςί]
630 4558 660 4607 ιιί
671 4555 713 4607 δεῖ
726 4555 753 4608 σί
762 4555 842 4609 verba
852 4554 898 4622 ΗΙ
913 4553 951 4609 21
969 4549 1432 4631 τῷ]ν31.Ζ.6122ἐκριζώσεως]
1451 4558 1483 4616 -1-
1499 4550 1550 4604 Sed
1566 4565 1642 4604 πιιπσ

335 4636 438 4706 accipit
455 4637 510 4706 (od.
521 4638 634 4708 aceepit)
648 4656 745 4707 ματοα,
763 4639 916 4692 deserens
934 4640 1044 4693 maiora
1057 4639 1202 4708 paulisper
1218 4637 1245 4694 Η
1261 4637 1403 4694 vielleicht
1420 4635 1528 4706 riohtig.
