3768 5544
351 439 390 502 52
796 429 934 501 On‘genee’
952 429 1210 486 seremiahomffien.

349 603 514 685 πλαγίφι.
547 602 604 667 καὶ
626 590 773 684 εὑρήσεις
796 591 860 665 τόν
880 593 967 667 θεὸν
980 599 1227 685 ἐπιμετροῦντα
1241 592 1395 678 κολάσεις
1409 594 1494 685 μετά
1509 603 1654 684 φειδοῦς,

264 711 332 768 2361
349 699 421 768 ἐπεί
444 704 449 780 Ι
472 694 630 780 βούλεται
661 700 707 776 είς
736 694 949 785 ἐπιστροφὴν
976 691 1112 785 ἀγαγεῖν
1139 692 1203 766 τόν
1230 689 1468 784 ἡμαρτηκότα,
1501 704 1558 768 καὶ
1589 694 1651 770 οῦκ

349 791 488 885 ἀθρόως
508 792 618 878 πάσας
639 790 858 866 ἀποδιδόντα.
895 801 1036 866 τοιαῦτα
1058 787 1121 866 οῦν
1140 790 1224 867 όσον
1244 798 1301 866 ἐπὶ
1322 802 1373 885 τῷ
1396 796 1492 887 ῥητῷ
1508 793 1654 886 ἐγεγόνει

347 901 423 983 περὶ
446 894 508 968 τόν
531 894 629 979 λαόν,
656 898 713 965 καί
733 891 887 966 ἀπειλῶν
909 891 1024 977 αῦτοῑς
1046 889 1065 966 ό
1088 890 1189 983 λόγος
1210 891 1231 965 ό
1252 902 1427 968 πείσονται
1448 891 1520 984 μετ’
1543 893 1653 970 ἐκεῖνά

313 1010 461 1084 ὁφηοιν
486 1003 559 1066 »καί
580 997 675 1066 ἐσται
697 998 735 1065 ἐν
757 1013 830 1077 ταις
852 991 988 1084 ἡμέραις
1009 997 1168 1084 ἐ,κεΙΙναις
1191 999 1279 1085 λέγει
1299 993 1414 1085 κύριος
1437 991 1456 1066 ό
1477 992 1559 1080 θεός
1580 1021 1651 1082 σου,
1675 1020 1723 1074 167

347 1092 387 1166 οῦ
412 1094 457 1185 μὴ
482 1093 624 1180 πατάξω
649 1091 734 1184 ῦμᾶς
764 1099 810 1176 είς
840 1101 1062 1165 συντέλειανι.
1105 1099 1134 1166 εί
1163 1099 1199 1165 δέ
1229 1100 1338 1166 ταῦτα
1358 1092 1504 1183 μάλιστα
1526 1093 1652 1183 φθάνει

345 1200 399 1264 καὶ
420 1193 535 1266 ἐπὶ
498 1225 559 1279 τας
579 1193 765 1285 μελλούσας
785 1192 938 1278 κολάσεις
959 1203 981 1280 †
1001 1200 1030 1264 εί
1050 1190 1105 1282 μή,
1129 1187 1148 1264 ό
1170 1190 1394 1282 δυνάμενος’
1373 1193 1441 1267 από
1457 1203 1531 1268 τῶν
1545 1200 1583 1267 ἐν
1598 1204 1649 1287 τῷ

345 1299 407 1383 βίῳ
430 1291 689 1384 συμβεβηκότων
710 1301 787 1385 περὶ
809 1293 872 1367 τόν
894 1293 980 1366 λαόν
1001 1290 1180 1384 μεταβάτω
1202 1297 1316 1364 καλέπ
1317 1289 1484 1378 ἐκείνας·
1506 1296 1624 1385 ἐγῶ
1589 1325 1650 1386 γαρ

344 1390 547 1484 πειθόμενος
562 1392 680 1484 <όιν>”
650 1421 786 1483 ειποιμι,
802 1387 858 1465 ότι
873 1390 921 1476 ῶς
938 1389 1174 1483 »ὑποδείγματι
1190 1400 1245 1464 καὶ
1260 1415 1336 1486 σκιᾳ
1320 1393 1650 1483 λατρεῦονσιντῶν

293 1511 327 1566 10
344 1497 589 1580 ἐπουρανίωνι,
621 1490 734 1576 οῦτως
759 1490 979 1581 ὑποδείγματι
999 1501 1056 1564 καί
1077 1498 1153 1586 σκιᾷ
1175 1501 1249 1564 τῶν
1270 1488 1452 1583 ἀληθινῶν
1472 1493 1649 1568 κολάσεων

343 1589 511 1684 ἐκολάσθη
543 1589 563 1666 ό
594 1594 675 1678 λαός
705 1597 833 1676 ἐκεῖνος
862 1596 917 1664 ἐπὶ
947 1611 1020 1676 τοις
1046 1587 1279 1682 άμαρτήμασιν
1309 1595 1458 1680 ἑαυτῶν,
1491 1593 1538 1678 ῶς
1566 1597 1650 1669 εἶναι

256 1689 257 1692 “
342 1699 455 1765 πᾶσαν
469 1691 609 1766 κόλασιν
619 1693 683 1783 τήν
694 1691 782 1764 κατὰ
792 1692 887 1782 (τόν)
899 1688 1005 1782 νόμον
1013 1698 1070 1764 καί
1079 1692 1160 1775 τοῦς
1168 1690 1349 1782 προφήτας
1357 1690 1648 1786 ἀναγεγραμμένην

342 1800 417 1883 περὶ
439 1793 503 1866 τόν
525 1792 610 1866 λαόν
631 1799 849 1883 περιέχουσαν
871 1791 968 1864 σκιάν
989 1789 1164 1864 κολάσεων
1186 1789 1371 1883 ἀληθινῶν.

423 1897 530 1985 Εἴπερ
552 1887 616 1966 οῦν
636 1897 774 1974 ἐκείνοις
797 1898 970 1963 συντέλεια
992 1895 1044 1962 ἐπί
1069 1911 1143 1975 ταῖς
1158 1888 1335 1981 ἁμαρτίαις
1350 1889 1391 1964 οῦ
1405 1899 1550 1984 γέγονεν,
1572 1892 1646 1969 ἀλλ’

291 2014 322 2067 15
340 1995 394 2062 ἐπὶ
421 1999 509 2066 τέλει
536 1999 634 2066 ποτέ·
665 1987 759 2064 οῦτω
784 1987 915 2080 μήποτε
943 1993 1037 2062 ἔσται
1061 1997 1117 2063 καὶ
1143 1990 1227 2080 μετά
1255 1991 1319 2082 τὴν
1346 1994 1464 2078 ἔξοδον
1491 1999 1545 2065 ἐπὶ
1568 1995 1648 2079 τοῦς

340 2088 576 2182 ἡμαρτηκότας
597 2089 742 2175 κόλασις.
785 2097 960 2162 συντέλεια
982 2097 1017 2162 δὲ
1039 2095 1093 2162 ἐπὶ
1115 2090 1181 2180 τήν
1202 2087 1427 2182 Ἰερουσαλήμ,
1456 2085 1515 2164 ότε
1537 2090 1557 2183 ἡ
1580 2101 1646 2184 αἰχ-

338 2199 491 2280 μαλωσία
517 2196 608 2263 ἐστίν
635 2187 655 2282 ή
678 2186 988 2279 Ναβουχοδονόσορ.
1031 2199 1182 2280 καίτοιγε
1208 2193 1277 2278 ἐρεῖ
1301 2222 1353 2276 τις
1380 2186 1435 2263 ότι
1460 2189 1538 2265 οῦδὲ
1566 2191 1645 2265 τότε

338 2297 525 2377 συντέλεια,
547 2288 620 2363 ἀλλ’
643 2287 714 2362 οὐδ’
735 2295 790 2362 ἐπὶ
812 2309 885 2374 τοις
907 2297 1170 2374 Μακκαβαϊκοῑς·
1191 2287 1278 2364 ἀλλά
1301 2299 1474 2364 συντέλεια
1496 2300 1547 2382 τῷ
1570 2301 1643 2384 λαῷ

337 2394 392 2462 ἐπὶ
422 2397 484 2481 τῆς
510 2397 574 2463 τοῦ
598 2395 715 2478 κυρίου
742 2418 808 2477 μου
832 2386 938 2480 Ἰησοῦ
965 2397 1118 2480 Χριστοῦ
1143 2400 1336 2480 παρουσίας.
1385 2385 1467 2464 όσον
1493 2391 1555 2483 γάρ
1582 2390 1643 2463 οῦκ

286 2509 319 2564 20
337 2493 447 2580 ἔλεγεν
480 2487 597 2573 αῦτοῑς
627 2485 646 2562 ό
677 2487 806 2580 σωτήρ·
843 2490 935 2563 »ἰδοῦ
965 2487 1101 2578 ἀφίεται
1132 2487 1210 2580 ῦμῑν
1242 2485 1262 2562 ό
1292 2492 1386 2574 οέκος
1414 2487 1543 2580 ῦμῶνι,
1580 2489 1642 2563 οῦκ

336 2585 467 2679 ήφίετο.
510 2584 567 2662 ότε
594 2597 630 2662 δὲ
655 2591 814 2662 ἔκλαυσεν
839 2594 893 2662 ἐπί
920 2588 984 2680 τήν
1005 2586 1215 2680 Ἰερουσαλήμ
1243 2595 1365 2677 λε’γων·
1406 2587 1640 2681 ιἹερουσαλήμ,

335 2687 556 2780 Ἰερουσαλήμ,
589 2687 610 2780 ἡ
635 2693 717 2774 τοῦς
742 2688 923 2780 προφήτας
948 2687 1197 2761 ἀποκτείνουσα
1222 2695 1277 2760 καὶ
1305 2696 1535 2775 λιθοβολοῦσα
1562 2691 1642 2774 τοῦς

336 2787 607 2880 ἀπεσταλμένους
627 2791 712 2880 πρός
734 2786 851 2879 αῦτήν,
874 2786 1016 2870 ποσάκις
1037 2784 1189 2908 ήθέλησα
1211 2789 1517 2879 ἐπισυναγαγεῖν
1480 2819 1523 2862 τα
1539 2796 1641 2862 τέκνα

336 2915 409 2974 σου,
440 2885 482 2963 όν
504 2887 636 2980 τρόπον
658 2884 784 2982 <όρνις>
806 2886 996 2977 ἐπισυνάγει
1017 2889 1061 2959 τά
1082 2885 1241 2960 νοσσία“
1220 2885 1288 2958 υπό
1311 2887 1372 2972 τάς
1395 2895 1563 2979 πτέρυγας
1586 2887 1640 2961 αῦ-

250 3004 317 3064 236ι
338 2995 408 3079 τῆς,
434 2998 489 3062 καὶ
516 2988 577 3064 οῦκ
599 2987 804 3080 ήθελήσατε,·
830 2999 835 3074 Ι
862 2988 936 3060 ἰδοῦ
959 2984 1093 3076 ἀφίεται
1114 2983 1192 3075 ῦμῑν
1215 3018 1233 3059 ο
1223 2981 1393 3070 οἶκος(
1371 2997 1467 3079 υμῶν
1489 2991 1638 3079 ἔρημοςι,

335 3085 470 3174 ἀφεῖται
505 3085 523 3161 ό
555 3091 661 3175 οἰκος,
697 3089 906 3162 κεκόκλωται
939 3086 1023 3160 »ῦπό
1054 3093 1296 3176 στρατοπέδων
1325 3083 1551 3178 Ιερουσαλήμι
1590 3086 1638 3170 ῶς

334 3183 524 3273 ἀφεθέντος
546 3197 609 3260 τοῦ
631 3193 726 3261 οίκου
747 3195 802 3260 καί
828 3184 980 3278 »ἤγγισεν
1001 3217 1022 3278 η
1012 3185 1209 3278 (ἐρήμωσις
1231 3183 1364 3277 αῦτήςι.
1401 3187 1474 3259 εἶτα
1495 3187 1579 3276 μετὰ
1595 3187 1637 3259 τό

332 3290 473 3358 ἐκείνων
494 3283 712 3377 παράπτωμα
727 3280 834 3377 ἦλθεν
847 3318 880 3377 η
871 3285 1046 3378 σωτηρία
1063 3283 1141 3378 ημῖν
1156 3305 1229 3369 τοῖς
1215 3288 1397 3358 ἔθνεσιν.
1433 3284 1636 3375 ἐκολάζοντο

331 3377 393 3456 οῦν
415 3391 546 3472 ἐκεῖνοι,
568 3393 623 3458 καί
645 3384 875 3460 συντέλεια’
834 3417 896 3458 ουκ
912 3391 1063 3475 ἔφθανεν
1078 3383 1130 3458 ἐπ’
1146 3382 1271 3468 αῦτοῦς
1288 3385 1407 3469 ἐῶς’
1366 3415 1428 3476 της
1442 3416 1505 3458 του
1490 3393 1637 3477 ’κυρίου

280 3505 314 3560 30
331 3480 432 3574 Ἰησοῦ
452 3515 518 3576 μου
540 3490 720 3577 ἐπιδημίας.

412 3597 440 3656 2.
461 3594 591 3658 Σκοπῶ
614 3593 649 3658 δὲ
670 3585 803 3677 μήποτε
824 3593 880 3658 καὶ
898 3583 1017 3677 περὶ“
997 3595 1081 3677 ημᾶς
1103 3591 1245 3656 τοιαῦτα
1235 3582 1374 3670 ’ἐστιν,
1405 3594 1460 3656 καί
1481 3582 1636 3669 κολάσεις

330 3689 419 3768 τινές
441 3692 604 3774 γίνονται,
627 3684 716 3758 ῶστε
738 3686 858 3758 τούσδε
878 3692 940 3777 μὲν
960 3685 1005 3776 μὴ
1026 3704 1147 3776 πεῖραν
1169 3689 1255 3774 ἔχειν
1278 3691 1446 3774 δευτέρων
1460 3683 1636 3756 κολάσεων

328 3780 414 3855 ἀλλά
433 3781 638 3876 ἀρκεσθῆναι
660 3806 733 3868 ταῖς
754 3794 943 3876 προτέραις,
968 3785 1092 3869 ἀλλους
1115 3791 1150 3856 δὲ
1173 3781 1267 3874 ήκειν
1288 3793 1344 3856 καί
1365 3788 1420 3856 ἐπὶ
1443 3785 1504 3868 τὰς
1526 3791 1634 3856 δευτέ-

329 3911 398 3972 ρας,
426 3879 467 3956 οῦ
492 3882 558 3974 μήν
584 3892 639 3956 καί
666 3889 720 3957 ἐπὶ
747 3885 808 3970 τὰς
834 3892 964 3973 τρίτας,
996 3884 1119 3966 ἄλλους
1146 3889 1181 3955 δέ
1203 3883 1398 3957 ἐλεύσεσθαι
1418 3891 1474 3956 καί
1496 3888 1551 3955 ἐπὶ
1573 3883 1635 3966 τὰς

411 4121 430 4176 θ
448 4121 513 4191 vgl.
524 4121 606 4176 Hebr.
618 4124 643 4188 8,
656 4124 679 4178 5.
692 4152 725 4161 -
739 4121 779 4178 21)
797 4123 897 4177 ΜοΙΙΙι.
909 4123 950 4188 23,
963 4123 1003 4178 33
1016 4152 1050 4161 -
1063 4124 1100 4178 21
1115 4121 1215 4178 ΜείΙΙι.
1228 4123 1270 4184 23.
1283 4123 1324 4176 37.
1338 4123 1379 4178 38.
1392 4151 1425 4160 -
1438 4120 1516 4176 2111.
1529 4121 1632 4192 Vgl.in

326 4203 425 4258 Matth
437 4205 513 4262 Tom.
527 4209 567 4270 14,
581 4209 613 4262 19
631 4207 680 4276 (Lo
693 4209 716 4274 3,
729 4207 797 4277 312).
816 4237 849 4248 —
867 4207 931 4264 231.
950 4207 1014 4277 Vgl.
1032 4207 1099 4261 Luk.
1112 4207 1155 4269 21,
1168 4209 1208 4264 20.
1228 4236 1261 4247 -
1279 4205 1315 4262 28
1333 4204 1397 4276 vgl.
1411 4203 1489 4258 Rom.
1503 4209 1597 4268 11,11.

410 4421 428 4478 2
447 4419 509 4480 έπεί
520 4424 681 4480 Lietzmann
698 4426 716 4495 ιΙ
734 4423 788 4481 ses
804 4429 808 4495 Ι
823 4429 840 4480 3
858 4421 1028 4482 ἀποδιδόντα
1042 4425 1127 4480 tho
1145 4421 1337 4482 ἀποδιδόιτιθ
1353 4425 1356 4492 Ι
1372 4423 1391 4478 θ
1409 4422 1584 4492 πειθόμενος
1595 4417 1631 4479 ἂν

323 4506 402 4561 ΒΙεεε
419 4509 669 4579 πειθομεθδμενος
681 4509 698 4564 S
714 4513 718 4580 Ι
735 4511 771 4566 l?
786 4510 1066 4584 ναβουχοδονδοωρθ
1078 4509 1150 4564 doch
1162 4509 1219 4579 vgl.
1232 4527 1265 4564 zu
1278 4510 1303 4566 S.
1313 4512 1354 4576 36,
1364 4511 1396 4564 27
1413 4509 1417 4577 Ι
1431 4507 1569 4577 καίτοιγε]
1582 4508 1631 4562 καί

322 4591 418 4647 τότεδ
437 4594 441 4660 Ι
461 4595 500 4648 22
519 4591 764 4650 οἰποκτείνοισιιΙ7
782 4589 1009 4650 ἀποκτένονσαθ
1028 4595 1033 4663 Ι
1053 4594 1092 4650 24
1111 4587 1189 4666 ὄρνις
1203 4594 1241 4649 Co
1261 4595 1265 4661 Ι
1281 4595 1381 4650 νοσσία
1392 4593 1437 4650 Hu
1455 4609 1570 4649 νοσοεια
1587 4593 1604 4646 S
1624 4593 1627 4658 Ι

323 4677 360 4733 23
377 4671 499 4748 ἀφεῖται]
518 4675 722 4750 ἀφεθήσεταιθ
737 4682 742 4748 Ι
758 4678 797 4733 23
815 4673 926 4746 ἐκεῖνοι,
943 4677 1001 4747 καίΙ
1019 4677 1160 4732 τίεΙΙείυίιί
1176 4675 1281 4734 ἐκεῖνοι
1291 4681 1340 4734 καί
1353 4678 1516 4754 (πρότερον,
1534 4671 1629 4747 ἂλλδιΙ.
