3768 5544
331 445 371 508 60
773 432 911 505 Origenos’
930 433 1190 491 Jeremiahomssien.

416 606 500 670 »Καὶ
531 594 705 686 ἀστραπάς
734 593 831 680 είς
809 595 911 670 υετόν
941 603 1128 722 έποίησενι.
1166 606 1331 720 *λέγουσιν
1362 603 1395 672 ολ
1425 604 1502 689 περί
1531 607 1640 673 ταῦτα

332 692 487 784 δεινοί,”
468 728 523 770 οτι
544 695 564 788 6
587 703 713 786 γένεσις
734 706 809 770 τῶν
832 695 1018 789 ἀστραπῶν
1040 696 1108 770 άπὸ
1131 705 1205 770 τῶν
1226 705 1382 786 νεφελῶν
1396 706 1525 788 γίνεται
1540 698 1639 793 άλλή·

332 813 406 884 λαις
431 804 744 888 προστριβομένων·
775 790 859 887 όπερ
881 798 944 888 γάρ
967 805 1135 887 συμβαίνει
1157 807 1234 885 περὶ
1256 799 1338 883 τούς
1358 797 1571 888 πυροβόλους
1593 809 1639 875 λί-

329 910 416 982 θους
441 903 496 971 ἐπὶ
522 904 596 1026 γῇς,
627 898 683 969 ἵνα
710 896 771 969 δύο
800 905 914 969 λίθων
935 895 1249 987 προσκρουσάντων
1270 905 1337 987 πῦρ
1357 907 1503 990 γενηθῇ,
1534 907 1639 972 τοῦτο

295 1026 312 1080 5
330 1006 483 1090 γίνεσθαι
504 1004 559 1068 καὶ
580 1002 636 1068 ἐπὶ
657 1003 731 1070 τῶν
751 1005 906 1084 νεφελῶν
921 1022 1032 1086 φασιν.
1067 1005 1381 1088 προσκρουομένων
1396 1006 1470 1071 τῶν
1487 1007 1640 1088 νεφελῶν

329 1096 417 1170 κατὰ
443 1097 525 1181 τούς
550 1103 714 1186 χειμῶνας
739 1103 868 1184 γίνεται
895 1092 915 1187 ή
943 1094 1110 1188 άστραπή·
1141 1096 1193 1169 διό
1222 1095 1270 1182 ῶς
1292 1102 1418 1170 ἐπίπαν
1439 1096 1460 1188 6
1483 1096 1637 1191 ἀστραπή

330 1192 397 1288 άμα
418 1203 546 1287 βροντῇ
567 1203 706 1284 γίνεται,
729 1202 791 1286 τῆς
811 1203 873 1285 μὲν
893 1205 1040 1287 βροντῆς
1062 1195 1291 1288 έμφαινούσης
1306 1198 1370 1270 τὸν
1385 1191 1469 1288 ήχον
1485 1206 1549 1273 τοῦ
1564 1223 1648 1292 συγ--

330 1302 499 1385 κρουσμοῦ
527 1303 601 1368 τῶν
628 1303 798 1384 νεφελῶν,
829 1303 890 1388 τῆς
915 1293 998 1368 δὲ’
977 1303 1151 1388 αστραπής
1178 1297 1349 1388 γεννώσης
1371 1297 1411 1369 τό
1435 1307 1517 1386 φῶς.
1561 1313 1588 1372 5.
1611 1307 1641 1371 εί

331 1393 495 1486 νενόηκας
521 1395 562 1468 τὸ
588 1393 810 1486 παράδειγμα,
837 1400 887 1468 ἴδε
911 1424 970 1487 μοι
994 1404 1051 1468 καί
1074 1397 1139 1488 τήν
1160 1396 1291 1488 νοητήν
1314 1405 1466 1487 νεφέλην
1511 1406 1639 1489 Μωσῆς

279 1523 313 1579 10
331 1487 496 1585 νεφέλη
478 1524 530 1585 ην,
551 1490 715 1616 Ἰησοῦςι
695 1525 715 1568 ο
737 1523 800 1566 του
785 1501 909 1619 ’Ναυῇ
933 1505 1057 1587 νεφέλη
1079 1489 1130 1586 ήν.
1166 1489 1266 1568 αὗται
1288 1495 1328 1586 δή
1349 1493 1524 1586 ὁμιλοῦσιν
1539 1495 1638 1590 ἀλλή-

330 1610 418 1681 λαις,
445 1591 543 1667 κάλ’
523 1594 591 1667 απὸ
613 1603 688 1666 τῶν
710 1593 826 1684 λόγων
848 1592 964 1668 αύτῶν
986 1593 1141 1686 ἀστραπή
1163 1604 1298 1683 γίνεται.
1340 1593 1492 1687 Ἱερεμίας
1516 1604 1639 1721 νεφέλη

330 1689 394 1819 ήν,
406 1695 540 1783 Βαρούχ
561 1686 717 1785 νεφέλη
699 1723 751 1784 ην.
796 1700 1010 1786 διαλέγονται
1024 1697 1110 1785 πρὸς
1126 1693 1302 1786 άλλήλους,
1325 1689 1434 1785 ήλθεν
1448 1692 1469 1786 6
1484 1693 1638 1788 άστραπή

331 1793 399 1867 άπὸ
421 1802 495 1865 τῶν
516 1791 632 1882 λόγων
646 1791 801 1884 Ἱερεμίου
821 1802 973 1867 καὶτῶν
995 1791 1111 1884 λόγων
1128 1795 1271 1885 Βαρούχ.
1314 1789 1427 1880 οῦτως
1449 1803 1478 1868 εί
1501 1796 1639 1870 δύνασαι

331 1891 495 1984 συνάγαγε
518 1890 585 1966 ἀπὸ
608 1901 682 1964 τῶν
703 1900 859 1982 γραφῶν,
881 1901 959 1968 τίνα
983 1893 1114 1985 τρόπον
1135 1891 1292 1985 άστραπή
1314 1899 1453 1985 ἔρχεται.
1495 1906 1551 1969 καί
1573 1901 1640 1987 ένΙί

279 2020 311 2073 15
330 2003 373 2084 τῇ
398 2002 498 2083 καινῇ
525 1990 671 2083 διαθήκη
693 1999 829 2077 Παῦλος
854 2002 910 2066 καί
931 1995 1124 2078 Σιλουανός
1151 1993 1212 2067 δύο
1234 1999 1412 2084 νεφέλαι’
1396 2017 1489 2086 ησαν.
1524 1989 1638 2104 ήλθον
1657 2009 1709 2062 174

330 2099 385 2166 ἐπὶ
407 2091 448 2164 τὸ
472 2089 566 2174 αύτό,
589 2089 766 2182 γέγονεν
746 2123 767 2182 η
790 2099 852 2183 τῆς
874 2089 1095 2183 ἐπιστολής’
1075 2093 1239 2184 αστραπή.

414 2189 634 2281 νἈστραπόςι
660 2184 723 2264 οῦν
745 2187 764 2263 6
787 2191 868 2276 θεὸς
885 2190 982 2276 »είς
961 2192 1064 2265 υετόν
1079 2199 1236 2284 ἐποίησεν
1250 2203 1306 2266 καὶ
1321 2193 1481 2285 ἐξήγαγεν
1496 2192 1638 2286 ἀνέμους

329 2299 366 2365 έκ
391 2299 577 2382 θησαυρῶν
603 2287 738 2364 αύτοῦι.
782 2284 846 2382 ἆρα
876 2286 939 2366 οῦν
966 2285 1063 2365 οὗτοι
1084 2293 1159 2364 οἱ·
1139 2322 1256 2384 ανεμοι
1277 2299 1315 2365 έν
1336 2303 1519 2384 θησαυροῖς
1541 2297 1639 2380 stow,-

328 2389 350 2481 6
381 2389 454 2480 ούχί
486 2388 694 2480 φαίνεται(
675 2421 695 2481 η
726 2390 866 2464 τούτων
896 2391 993 2480 φύσις
1022 2389 1205 2464 πνεόντων
1234 2397 1289 2465 ἐπί
1315 2400 1375 2483 γῆς
1401 2401 1478 2467 τίνα
1507 2389 1637 2480 τρόπον

277 2521 311 2576 20
328 2489 525 2581 ύφίσταται;
555 2488 629 2564 ἀλλ’
652 2499 713 2563 είσί
739 2519 830 2575 τινες
857 2487 992 2578 άνέμων
1019 2500 1185 2582 θησαυροί
1193 2551 1199 2569 .
1232 2490 1440 2582 πνευμάτων
1461 2502 1636 2583 θησαυροί,

331 2598 480 2682 »πνεῦμα
495 2599 617 2679 σοφίας
629 2597 684 2663 καί
701 2596 873 2676 συνέσεως,
894 2599 1026 2679 πνεῦμα
1040 2599 1164 2682 βουλῆς
1177 2599 1234 2663 καὶ
1249 2591 1369 2680 ἰσχύος,
1389 2599 1536 2682 »πνεῦμα
1551 2592 1637 2681 γνιύ·

328 2716 414 2777 σεως
441 2696 498 2763 καί
526 2687 723 2777 εύσεβείαςι,
758 2697 907 2781 »πνεῦμα
930 2690 1040 2779 φόβου
1061 2699 1179 2778 θεοῦι,
1216 2699 1364 2782 »πνεῦμα
1386 2689 1562 2782 δυνάμεως
1582 2699 1637 2762 καὶ

326 2791 458 2884 ἀγάπης
479 2797 534 2862 καὶ
556 2797 826 2880 σωφρονισμοῦι.
868 2799 924 2862 καὶ
946 2789 1085 2864 δύνασαι
1107 2788 1211 2875 αύτός
1233 2788 1300 2863 άπὸ
1317 2799 1391 2863 τῶν
1406 2798 1549 2880 γραφῶν
1564 2815 1638 2862 συν-

242 2912 310 2966 241v
327 2910 463 2982 αγαγεῖν
489 2890 571 2974 τοῦς
599 2885 742 2980 ἀνέμους
770 2888 923 2975 τούτους.
966 2890 1009 2962 τά
1030 2890 1206 2981 πνεύματα
1233 2897 1237 2980 Ι
1266 2897 1375 2962 ταῦτα
1397 2896 1434 2962 ἐν
1456 2902 1638 2980 θησαυροῖς

275 3011 308 3067 25
326 2999 432 3064 ἐστιν·
466 2996 501 3064 οί
524 2997 691 3078 θησαυροί
711 2997 803 3073 τίνες
824 2997 921 3074 είσίν;
956 2995 1012 3062 »έν
1034 2982 1062 3081 ᾦ
1086 2996 1169 3063 εἰσιν
1191 2994 1224 3063 οἱ
1246 2998 1412 3081 θησαυροί
1435 2997 1496 3080 τῆς
1518 2997 1638 3078 σοφίας

326 3101 390 3163 καλ·
402 3091 558 3180 γνῶσεως
578 3085 790 3178 άπόκρυφοιι
799 3117 809 3174 ;
831 3082 929 3162 οὗτοι
944 3091 976 3161 οἱ
991 3096 1157 3180 θησαυροί
1173 3094 1210 3160 ἐν
1224 3097 1363 3181 Χριστῷ
1379 3093 1470 3164 εἰσιν.
1507 3095 1637 3162 ἐκεῖθεν

327 3185 390 3262 οῦν
416 3193 574 3278 ἔρχονται
600 3193 633 3260 οἱ
655 3189 773 3277 άνεμοι
796 3183 907 3276 οῦτοι,
939 3189 982 3261 τά
1004 3187 1178 3279 πνεύματα
1200 3196 1322 3276 ταῦτα,
1354 3187 1396 3262 ἵν’
1420 3186 1440 3262 6
1460 3197 1522 3279 μέν
1543 3184 1635 3278 τιςή

327 3287 443 3378 σοφός,
472 3285 490 3362 6
514 3293 551 3362 δέ
572 3317 623 3372 τις
644 3284 773 3373 πιστός,
797 3283 815 3360 6
839 3295 876 3361 δέ
896 3316 947 3372 τις
969 3281 989 3377 6
1013 3291 1102 3376 έχων
1124 3296 1259 3379 γνῶσιν,
1283 3284 1302 3361 6
1325 3296 1363 3361 δέ
1383 3320 1434 3374 τις
1449 3285 1637 3362 ότιποτοῦν

329 3387 511 3474 άναλαβῶν
530 3386 673 3478 χάρισμα
692 3393 787 3460 θεοῦ·
812 3379 859 3479 »ᾧ
874 3393 935 3477 μὲν
954 3387 1016 3478 γάρ
1032 3386 1085 3460 διὰ
1102 3394 1165 3459 τοῦ
1179 3386 1372 3479 πνεύματος
1387 3395 1518 3460 δίδοται
1535 3388 1637 3479 λόγος

276 3507 310 3564 3ο
327 3495 457 3575 σοφίας,
480 3487 575 3576 άλλῳ
598 3493 633 3559 δὲ
655 3483 757 3576 λόγος
779 3487 938 3576 γνῶσεως
958 3487 1046 3561 κατὰ
1068 3485 1110 3558 τό
1131 3484 1215 3560 αῦτό
1237 3496 1378 3578 πνεῦμα,
1401 3491 1507 3580 ἑτέρῳ
1523 3498 1636 3572 πίστις
1675 3507 1681 3516 “

327 3592 364 3658 έν
385 3595 437 3678 τῷ
460 3585 555 3678 αύτῷ
576 3585 773 3676 πνεύματιι.

410 3700 438 3760 6.
463 3683 675 3777 »Ἀνήγαγενι
706 3679 769 3758 οῦν
797 3693 960 3772 »νεφέλας
981 3694 1017 3774 ἐξ
1038 3683 1181 3775 ἐσχάτου
1203 3694 1264 3778 τῆς
1287 3693 1360 3778 γῆς,
1386 3695 1442 3756 καὶ
1463 3684 1636 3778 ἀστραπὰς

327 3789 372 3869 είς
393 3782 496 3858 ῦετόν
517 3792 689 3875 ἐποίησεν,
719 3794 775 3858 καὶ
796 3785 953 3878 ἐξήγαγεν
974 3783 1117 3878 άνέμονς
1138 3793 1176 3859 έτι
1198 3795 1384 3877 θησαυρῶν
1404 3783 1539 3860 αῦτοῦι.
1581 3794 1636 3859 καί

328 3881 418 3976 ἡμεῖς
440 3885 495 3958 διὰ
517 3886 580 3958 τὸν
602 3885 687 3959 θεὸν
709 3892 764 3960 ἐπὶ
785 3888 867 3970 τούς
888 3887 1084 3977 θησαυρούς
1107 3885 1253 3970 τούτους
1269 3892 1448 3978 ἐλπίζομεν
1469 3885 1636 3976 παταντή·

412 4057 469 4115 m.
492 4056 555 4127 vgl.
578 4058 721 4113 Aneodota
742 4056 937 4113 Maredsolana
958 4058 1000 4112 ed.
1023 4057 1054 4111 G.
1071 4055 1263 4124 Morin111‚2,
1281 4057 1338 4124 143,
1354 4057 1403 4111 4ff.
1422 4087 1455 4098 —
1474 4059 1553 4114 2111.
1571 4056 1635 4128 Vgl.

326 4141 380 4196 Jes.
392 4144 433 4206 11,
446 4145 469 4198 2.
481 4142 505 4194 3.
523 4172 557 4182 —
575 4143 614 4197 22
628 4141 691 4213 Vgl.
703 4142 729 4195 ΙΙ
741 4142 810 4198 Tim.
825 4145 847 4205 1,
862 4145 885 4196 7.
903 4171 937 4182 —
955 4141 994 4197 25
1007 4141 1069 4196 ΚοΙ
1081 4142 1105 4204 2,
1119 4143 1143 4196 3.
1175 4141 1239 4211 vgl.
1254 4141 1328 4196 Hier.
1343 4139 1446 4196 Comm.
1460 4144 1518 4198 914.
1541 4173 1575 4183 —
1600 4143 1636 4198 26

327 4227 414 4282 IKor.
428 4227 468 4292 12,
480 4227 505 4281 8.
518 4227 542 4281 θ.

412 4361 483 4417 1-8
499 4361 719 4432 HierzuFragm.
732 4361 806 4417 2611:
820 4360 853 4415 0:
871 4358 1205 4433 Λέγουσιν-ἀστραπῆς
1219 4362 1224 4430 Ι
1240 4361 1288 4425 64
1305 4358 1352 4417 ἐπὶ
1363 4361 1454 4416 λίθων
1465 4358 1634 4432 πνρογύνων

325 4445 346 4497 O
362 4445 366 4512 Ι
383 4445 471 4512 18ί14
489 4439 579 4512 οὕτως
590 4477 623 4486 -
636 4444 788 4516 συνάγαγε]
806 4445 885 4498 Ροίεε
902 4450 927 4498 οῖ
944 4450 974 4498 tu
990 4447 1050 4515 τ’μει
1125 4447 1249 4500 invenire
1259 4447 1285 4500 Η
1301 4447 1305 4514 Ι
1321 4446 1358 4502 18
1376 4437 1432 4519 ἆρα
1451 4437 1501 4500 οὖν
1512 4443 1584 4497 nach
1596 4445 1633 4498 H:

326 4529 433 4598 Ελφοπο
445 4525 500 4602 ὅρα
513 4523 590 4586 οὖνθ
605 4533 610 4599 Ι
624 4531 791 4602 θησαυροῖς]
804 4536 837 4594 -Ι-
846 4529 934 4584 DeiH
948 4532 953 4599 Ι
970 4532 1008 4588 Ιθ
1020 4529 1086 4600 ἢΟο
1097 4530 1156 4584 ιῖΗ
1168 4529 1212 4599 ήθ
1228 4539 1232 4598 Ι
1247 4531 1356 4586 20-81
1371 4529 1471 4583 Hierzu
1483 4526 1592 4598 Fragm.
1601 4530 1634 4583 27

325 4615 356 4667 in
371 4614 404 4668 0:
423 4611 614 4684 Κατὰ-ἑξῆς
636 4618 641 4684 Ι
666 4616 754 4684 2625
772 4612 936 4686 τὰ--έστίν]
954 4621 978 4670 εί
995 4615 1114 4672 νέίωτιιπ
1130 4615 1283 4685 mamam
1300 4614 1424 4668 invenire
1442 4612 1582 4666 thesauros
1600 4614 1633 4668 H.
