3702 5540
392 460 512 518 Homilie
529 465 550 518 Ι.
579 461 1071 532 Jerm1,2-10.-flomilie11.
1099 461 1198 518 Jerem.
1216 462 1240 527 2,
1258 461 1299 516 21.
1317 462 1358 516 22.
1498 471 1536 530 17

224 620 309 696 θόδε
336 621 357 713 ἡ
382 621 466 715 όρχὴ
494 632 558 698 τοῦ
583 621 848 717 ἆναγνυόσματος
869 620 890 716 ἡ
912 631 949 698 ἐν
970 633 1022 716 τῷ
1043 622 1207 715 προφὴτη
1230 623 1306 696 οἰον
1327 628 1535 714 ἐπαπορητι-

224 731 294 808 κώς
315 727 428 814 ἔλεγεν
449 725 536 815 πρὸς
551 726 640 810 τοῦς
661 723 851 817 πικρότητα
872 722 1056 815 ἐσχηκότας
1077 729 1115 796 ἐν
1136 731 1179 813 τῇ
1202 732 1293 813 ψυχῇ
1317 728 1476 795 ἐναντίαν
1491 733 1534 815 τῇ

225 823 417 914 γλυκύτητι,
439 821 482 914 ἢν
504 821 523 898 ῦ
546 825 628 910 θεὸς
648 825 889 899 κατεσκεύασεν
910 821 1009 914 αύτῇ·
1036 832 1128 908 »πῶς
1142 822 1311 914 ἐστράφης
1326 829 1373 908 εἰς
1386 833 1534 915 πικρίαν,

225 919 245 1013 ἦ
269 922 420 1014 ἄμπελος
441 921 463 1014 ἦ
485 921 682 1016 ἇλλοτρία,ἰ
709 923 789 998 ιόσεί
810 930 912 1014 ἔλεγε·
934 920 1116 1014 χωλότητα
1138 919 1200 994 οῦκ
1221 927 1379 1013 ἐποίησεν
1401 919 1421 997 ό
1442 921 1534 1012 θεός,

191 1043 208 1098 5
227 1019 303 1095 ἄλλ’
325 1019 511 1147 ἀρτίποδας
531 1033 698 1115 πεποίηκε
720 1024 863 1110 πάντας,
886 1030 970 1113 (τίς)
985 1028 1076 1094 αἰτία
1091 1027 1127 1096 δέ
1141 1026 1315 1144 γεγένηται
1328 1031 1393 1096 τοῦ
1404 1035 1536 1113 χωλαν-

226 1128 331 1211 θῆναι
361 1123 441 1208 τοῦς
470 1132 751 1215 κεχωλωμένους,·
779 1133 835 1196 καὶ
865 1133 1050 1214 πεποίηκεν
1077 1118 1096 1195 6
1126 1120 1209 1205 θεὸς
1238 1120 1281 1193 τὰ
1309 1128 1391 1214 μέλη
1420 1122 1535 1197 πόντα

226 1229 491 1346 προηγουμένως
511 1220 723 1348 ὑγιαίνοντα,
742 1229 858 1315 γέγονε
881 1230 917 1297 δὲ
938 1231 991 1308 τίς
1013 1227 1104 1296 αἰτία
1126 1229 1190 1294 τοῦ
1211 1232 1337 1293 παθεῖν
1358 1251 1451 1310 τινα;
1472 1226 1536 1297 τόν

226 1319 333 1394 αύτόν
359 1316 491 1410 τρόπον
517 1320 538 1413 ἡ
564 1323 654 1448 ψηχὴ
682 1320 723 1397 ού
747 1330 811 1395 τοῦ
813 1351 979 1445 πρωτοη
1003 1317 1111 1412 μόνον
1132 1327 1246 1410 γέγονε
1271 1352 1353 1394 »κατ
1357 1319 1534 1410 ἐἰκόνα«,

227 1418 311 1494 ἆλλὰ
333 1420 466 1506 παντὸς
488 1418 685 1513 ἇνθροόπου.
721 1423 762 1496 τὸ
785 1421 848 1512 γὰρ
873 1419 1085 1514 »ποιήσωμεν
1108 1419 1300 1510 ἄνθρωπον
1320 1451 1385 1494 κατ
1390 1419 1536 1497 ἐἰκόνα

175 1541 210 1596 10
226 1529 282 1594 καί
308 1516 393 1592 καθ’
420 1517 584 1611 ὁμοίωσιν
614 1521 796 1614 ἡμετέραν(
814 1521 955 1646 ,φθάνει
981 1526 1037 1593 ἐπὶ
1064 1517 1199 1602 πάντας
1230 1517 1446 1610 ἀνθρώπους
1480 1533 1536 1596 καὶ

227 1623 297 1692 ἐστι
322 1619 550 1712 πρεσβύτερον
577 1620 755 1713 ὥσπερν
717 1628 755 1695 ἐν
780 1629 831 1713 τῷ
853 1619 953 1712 Ἀδὰμ
978 1613 1132 1693 ἐκεῖνο
1114 1612 1133 1690 6
1160 1623 1193 1692 οί
1212 1628 1337 1692 πολλοί
1357 1627 1473 1694 νοοῦσι
1494 1621 1535 1696 τὸ

226 1750 291 1793 κατ
292 1717 439 1793 ἐἰκόνα
460 1728 525 1792 τοῦ
544 1730 836 1814 προσειλημμένον
857 1719 961 1811 αύτῷ,
984 1714 1043 1792 ὅτε
1064 1717 1204 1808 ἰφόρεσε
1220 1719 1328 1792 διὰ
1290 1749 1356 1809 την
1370 1716 1537 1811 ἁμαρτίαν

231 1820 313 1911 »τὴν
335 1818 450 1894 εἰκόνα
470 1827 535 1893 τοῦ
555 1830 703 1910 χοίκοῦι,
726 1817 838 1906 οῦτως
859 1827 898 1894 ἐν
918 1827 1000 1894 πᾶσι
1020 1818 1249 1909 πρεσβύτερον
1269 1817 1311 1891 τό
1326 1848 1391 1892 κατ
1396 1816 1537 1894 εἰκόνα

228 1928 313 1994 θεοῦ
334 1927 396 2011 τῆς
417 1919 550 2006 εἰκόνος
571 1927 633 2012 τῆς
653 1927 816 2012 χείρονος.
856 1926 1096 2010 »ἐφορέσαμενι
1122 1914 1321 2010 ἆμαρτωλολ
1337 1913 1435 2005 ὄντες
1453 1920 1536 2011 »τὴν

177 2039 211 2094 15
229 2017 343 2093 εἰκόνα
365 2026 429 2092 τοῦ
447 2027 580 2109 χοϊκοῦ,
604 2028 819 2111 φορέσωμεν(
844 2025 1092 2111 μετανοοῦντες
1117 2018 1200 2108 »τὴν
1219 2016 1333 2090 εἰκόνα
1353 2026 1417 2092 τοῦ
1438 2023 1536 2092 ἐπου-

229 2129 373 2210 ρανίουι.
409 2120 501 2212 πλὴν
522 2117 544 2211 ἦ
564 2129 672 2204 κτίσις
693 2126 831 2210 γέγονεν
851 2125 890 2194 ἐν
911 2115 1018 2192 εἰκόνι
1039 2125 1104 2192 τοῦ
1124 2123 1335 2208 ἐπουρανίου.

311 2215 446 2308 Ἀπορεί
469 2213 532 2293 οῦν
556 2218 682 2295 ἐνθάδε
709 2219 796 2311 πρὸς
819 2221 900 2304 τοῦς
922 2215 1181 2310 ἆμαρτόνοντας
1203 2223 1406 2308 ἐλεγκτικῶς
1427 2227 1537 2310 λέγων

230 2313 385 2409 όλόγος·
419 2327 512 2404 »πῶς
537 2317 707 2411 ἐστράφης
728 2323 774 2404 εἰς
795 2327 948 2409 πικρίαν,
979 2315 1173 2410 ἦᾶμπελος
1194 2313 1216 2408 ἦ
1236 2314 1415 2409 dimam,-
1448 2322 1533 2409 έγοόι

229 2417 291 2508 γὰρ
320 2417 505 2507 »ἐφύτευσό
531 2442 567 2492 σε
592 2419 745 2510 ἄμπελον
770 2416 995 2509 καρποφόρον
1021 2425 1134 2491 πᾶσαν
1162 2413 1362 2508 όληθινήνι.
1398 2424 1436 2491 ἐν
1461 2438 1535 2504 τοῖς

177 2540 213 2598 20
229 2516 297 2608 πρὸ
319 2518 459 2592 τούτων
481 2524 649 2605 λέλεκται,
671 2526 727 2590 καλ
748 2519 974 2603 ἐπαναλαβών
996 2513 1091 2605 όλίγα
1113 2526 1220 2590 πείσω
1236 2521 1248 2607 ΙΙ
1263 2514 1355 2608 ύμᾶς,
1379 2512 1434 2590 ότι
1454 2518 1536 2604 θεὸς
1557 2539 1608 2596 138

229 2625 290 2708 μὲν
312 2617 421 2707 καλὴν
444 2618 597 2708 ἄμπελον
617 2617 778 2708 ἐφύτευσε
801 2618 865 2708 τὴν
888 2623 950 2689 τοῦ
971 2614 1163 2706 ῦνθροόπον
1184 2615 1305 2707 ψυχήν,
1339 2619 1478 2703 ἕκαστος
1500 2626 1536 2692 δὲ

230 2725 390 2806 στραφεὶς
419 2723 557 2806 γέγονεν
586 2723 743 2802 ἐναντίος
773 2724 824 2808 τῷ
855 2714 1042 2807 βουλήματι
1068 2723 1132 2788 τοῦ
1156 2723 1346 2800 κτίσαντος.
1390 2720 1473 2808 »ἐγώ
1501 2726 1536 2792 δὲ

231 2814 396 2904 ἐφύτευσό
418 2840 453 2889 σε
477 2816 632 2906 ἄμπελον
652 2813 879 2908 καρποφόρον
893 2823 1035 2902 πᾶσανι,
1059 2813 1122 2888 οῦκ
1136 2821 1173 2887 ἐκ
1187 2821 1309 2905 μέρους
1327 2813 1533 2908 »ἇληθινήνι

231 2912 309 2988 οῦδὲ
331 2915 396 3006 τὴν
416 2923 477 3007 μέν
498 2913 668 3008 ἀληθινὴν
690 2917 755 3007 τὴν
777 2923 812 2989 δέ
834 2922 951 3005 ψαιδη,
974 2910 1053 2988 ἀλλ’
1078 2916 1162 3004 »ἐγώ
1185 2912 1351 3003 ἐφύτευσό
1372 2939 1408 2988 σε
1433 2916 1537 3006 ἄμπε-

178 3037 213 3094 25
231 3026 294 3086 λον
319 3012 546 3106 καρποφόρον
570 3022 683 3089 πᾶσαν
704 3013 887 3106 ἀληθινήν·
920 3022 996 3098 πῶς
1017 3012 1217 3104 ἐστράφηςι,
1242 3019 1337 3104 »ἐμοῦ
1357 3013 1537 3101 κτίσαντός

147 3139 213 3195 217ε
230 3137 265 3185 σε
294 3119 299 3204 Ι
326 3121 440 3188 πᾶσαν
465 3112 637 3206 ἀληθινὴν
664 3115 831 3205 ἄμπελον,
863 3116 903 3188 σῦ
932 3123 1009 3200 πῶς
1035 3111 1204 3205 ἐστράφης
1235 3117 1281 3199 εἰς
1310 3123 1451 3204 πικρίαν
1480 3123 1537 3188 καὶ

230 3221 370 3303 γέγονας
392 3211 558 3305 οἷλλοτρία
579 3215 756 3304 buxeam

315 3323 343 3386 2.
365 3315 462 3387 Μετὰ
484 3321 592 3387 ταῦτα
614 3320 739 3405 ἴδωμεν
760 3313 801 3386 τὸ
825 3314 903 3387 »ἐὰν
917 3312 1099 3403 οἷποπλύνη
1114 3319 1151 3386 ἐν
1166 3323 1272 3404 νίτρῳ
1288 3320 1344 3385 καὶ
1357 3311 1536 3404 πληθύνης

316 3519 336 3576 8
354 3517 417 3588 Vgl.
430 3517 497 3574 Gen.
510 3521 534 3587 1,
546 3521 587 3575 26.
606 3549 638 3559 -
657 3519 715 3578 su.
734 3519 798 3590 vgl.
811 3520 840 3574 in
851 3519 913 3576 Joh.
924 3519 1001 3575 Τοιυ.
1014 3519 1055 3585 13,
1067 3519 1101 3574 50
1113 3519 1160 3588 (Br
1170 3519 1191 3587 Ι,
1204 3519 1262 3586 305,
1271 3519 1328 3586 24):
1344 3523 1429 3574 τοῦτο
1441 3518 1537 3590 λέγον-

231 3621 280 3667 τος
295 3609 347 3658 τοῦ
362 3605 435 3658 θεοῦ
450 3604 517 3676 περὶ
530 3602 646 3660 πάντων
660 3599 833 3676 ἀνθρώπων,
851 3603 905 3660 Sel.
917 3604 947 3658 in
961 3604 1028 3660 (λεια
1038 3606 1063 3671 1,
1072 3604 1106 3659 26
1115 3603 1163 3670 (Lo
1172 3601 1198 3666 8,
1211 3603 1268 3670 51);
1287 3597 1303 3658 6
1322 3601 1351 3658 σέ
1369 3601 1487 3674 φάσκων
1504 3601 1537 3659 τὸ

234 3681 310 3742 »κατ’
328 3683 441 3743 εἰκόνα·
461 3688 500 3756 μιΙ
523 3683 554 3743 έν
577 3683 689 3756 σὼματι
711 3681 797 3753 εἶναι,
825 3683 855 3743 ἐν
878 3685 908 3744 δὲ
929 3693 964 3757 τῇ
981 3691 1082 3758 λογικῇ
1099 3693 1177 3759 ψυχῇ
1194 3691 1266 3754 κτλ,
1292 3687 1322 3742 in
1339 3687 1402 3742 Luc„
1414 3686 1494 3743 Hom.
1506 3689 1540 3744 39

232 3769 282 3838 (Lo
295 3771 319 3834 5,
332 3771 404 3840 235);
423 3771 501 3827 Duae
517 3775 581 3827 suni
597 3771 733 3841 imagines
750 3771 884 3829 hominis:
900 3789 964 3840 una,
984 3789 1066 3841 quam
1084 3771 1190 3842 aceepit
1208 3771 1294 3827 aneo
1312 3770 1402 3825 sacius
1419 3769 1449 3824 in
1466 3771 1540 3842 prin-

233 3854 304 3925 cipio
321 3894 347 3912 ..
361 3895 367 3909 .
380 3899 386 3912 .
399 3854 488 3910 altera
505 3855 612 3912 choici.
626 3895 633 3910 .
646 3896 652 3910 .
666 3895 673 3909 .
685 3859 830 3926 postquam
848 3859 958 3929 propter
975 3855 1191 3912 inobedientiam
1209 3859 1292 3925 atque
1309 3858 1453 3926 peceatum
1471 3854 1539 3924 ejec-

233 3943 278 3994 tus
299 3939 334 3994 de
350 3939 476 4011 paradiso
495 3941 623 3996 assumsii
640 3957 713 4006 eam,
737 3960 763 3996 u.
775 3947 800 3996 ὃ.
818 3971 851 3982 -
869 3941 889 3997 θ
908 3941 976 3997 Gen.
989 3945 1013 4006 1,
1025 3941 1066 3997 26.
1085 3970 1119 3980 -
1138 3940 1250 3996 13-16
1268 3938 1331 4009 Vgl.
1343 3940 1357 3993 I
1368 3939 1432 3994 Kor.
1445 3941 1486 4006 15,
1498 3941 1540 3995 49.

319 4198 337 4254 l
355 4199 496 4270 προφητηΙ
515 4207 548 4265 -Ι-
564 4217 640 4255 num
657 4201 782 4270 queritur
797 4200 872 4254 Deus
889 4205 914 4254 αἰ
931 4198 957 4254 Η
976 4201 981 4268 Ι
1001 4199 1019 4256 5
1037 4200 1080 4264 τίς
1097 4197 1135 4255 00
1153 4216 1208 4268 qua
1226 4199 1333 4268 (υαιιεο)
1350 4199 1376 4252 Η
1395 4199 1401 4266 Ι
1421 4196 1455 4252 14
1470 4195 1541 4266 τῆςἸ

235 4289 286 4338 τοῦ
303 4282 348 4337 Hu
364 4283 420 4353 ng
438 4283 561 4352 οἰναρίου
577 4285 679 4339 ΖοίιιιίιΙ
695 4284 729 4352 Η,
747 4285 820 4340 doeh
836 4287 925 4340 ubera.
942 4284 968 4338 Η
985 4284 1011 4338 d.
1030 4301 1137 4354 gmon
1153 4282 1303 4339 Abschnitt
1320 4282 1384 4337 sehr
1400 4280 1453 4334 frei
1467 4279 1542 4351 1χεί-

235 4365 329 4436 ρονος]
348 4374 381 4432 -Ι-
396 4367 468 4422 undo
484 4369 609 4424 debemus
625 4385 788 4438 ιααραομετσ
805 4369 938 4437 laborare,
960 4374 992 4423 ιιί
1009 4369 1140 4438 quomodo
1157 4369 1196 4434 H,
1214 4385 1272 4423 was
1288 4364 1434 4424 vielleioht
1451 4365 1541 4420 einzu·

234 4449 319 4520 stigen
333 4453 338 4518 Ι
354 4450 393 4508 16
410 4453 491 4523 πλὴν]
510 4455 546 4508 ad
561 4471 646 4523 ςυοοι
658 4453 684 4508 Η
701 4447 770 4510 καθ’
786 4453 820 4524 ἣν
832 4454 877 4509 Hu
892 4456 974 4509 unior
994 4451 1158 4523 Stroiohung
1175 4469 1230 4508 von
1247 4445 1310 4508 κατ’
1328 4449 1425 4508 εἰκόνα
1443 4451 1483 4517 (ιο
1501 4450 1543 4506 las

234 4552 300 4590 man
325 4538 395 4591 siuti
416 4532 447 4592 ἐν
467 4535 566 4606 εἰκόνι)
588 4545 639 4594 τοῦ
661 4534 833 4611 ἐπουρανίου
857 4539 861 4606 Ι
887 4539 925 4595 Ιθ
946 4536 1014 4611 γὰρ]
1037 4542 1128 4592 autem
1149 4536 1176 4590 H
1199 4538 1203 4605 Ι
1228 4534 1268 4592 24
1291 4532 1497 4605 οὐσὲ-ψευδῆ]
1518 4539 1543 4590 εἰ

233 4621 390 4675 mendaeem
406 4639 439 4676 ια
452 4627 531 4690 μανία
544 4623 672 4691 plantavi
687 4623 721 4677 Η.

289 4704 406 4760 origenes
421 4705 463 4752 111.
1306 4704 1323 4758 2
