3658 5566
548 449 599 504 Die
616 448 781 520 Fmgmente
799 465 847 503 aus
865 447 913 502 der
930 446 1195 518 Prophetaenkatene.

585 682 642 750 ιιι.
664 639 810 749 vans
833 681 956 768 Klagel.
970 681 1085 748 serem.
1100 686 1128 762 3,
1143 688 1171 746 4.

312 828 380 920 Τὴν
402 827 602 921 σαθρότητα
623 827 689 920 τὴν
709 834 879 918 συμβᾶσαν
901 824 979 919 ἡμῖν
1000 829 1038 897 έκ
1059 832 1120 916 τῆς
1142 821 1306 918 άμαρτίας
1328 838 1488 917 σημαίνει

579 1050 637 1118 Nr.
657 1050 800 1118 LXVIII.
842 1050 966 1135 Klagel.
980 1049 1094 1116 Ierem.
1110 1057 1138 1131 3,
1155 1059 1182 1118 4.

307 1196 476 1288 Συμφορίι
497 1195 560 1288 γάρ
582 1201 744 1287 ἐπίμονος
765 1193 967 1286 γεροντικὴν
990 1191 1170 1268 ἀσθένειαν
1192 1200 1328 1286 έμποιει.

189 1440 206 1492 5
571 1418 628 1486 Nr.
649 1419 759 1485 LXIX.
801 1419 926 1505 Klagel.
940 1419 1057 1487 Jerem.
1071 1425 1099 1501 3,
1114 1429 1142 1486 5.
1156 1427 1183 1488 6.

309 1562 357 1636 Ού
386 1563 449 1655 γάρ
481 1563 593 1656 άφῆκέ
618 1593 658 1654 με
687 1571 861 1654 διαφυγεῖν
891 1564 934 1636 τά
963 1565 1055 1636 δεινὰ
1084 1563 1304 1654 πανταχόθεν
1329 1539 1532 1658 πολιορκού-

224 1695 336 1754 μενον.
380 1673 473 1755 λέγοι
499 1661 532 1735 δ’
555 1662 599 1736 av
623 1669 706 1748 ίσως
731 1671 787 1736 καὶ
813 1662 854 1736 τὸ
879 1669 1087 1754 περιβληθὲν
1113 1673 1156 1754 τῇ
1177 1663 1277 1737 πόλει
1298 1685 1409 1756 τεῖχος
1429 1674 1530 1742 πολέ-

223 1793 310 1853 μιον.
354 1763 419 1855 τὴν
440 1761 547 1854 αὐτὴν
569 1770 605 1835 δὲ
628 1771 680 1854 τῷ
703 1769 804 1848 Δαβίδ
825 1761 933 1854 ἀφῆκε
956 1762 1079 1854 φωνὴν
1102 1762 1262 1854 εἰρηκότι·
1288 1763 1470 1839 ιέκάθισάν
1490 1796 1529 1858 με

224 1870 261 1935 έν
284 1882 471 1946 σκοτεινοῖς
493 1861 542 1947 οίς
564 1864 705 1952 νεκρούς
727 1866 881 1946 αίῶνοςι.
918 1869 1024 1936 τοῦτο
1046 1870 1081 1935 δὲ
1104 1865 1158 1936 διά
1179 1865 1241 1948 τὰς
1256 1862 1324 1938 άπὸ
1340 1873 1414 1938 τῶν
1428 1877 1530 1939 πολε-

173 1983 208 2038 10
224 1973 311 2053 μίτον
343 1961 488 2053 εἱρκτάς,
519 1957 588 2052 άμα
618 1969 653 2034 δὲ
682 1970 739 2034 καὶ
768 1964 823 2034 διά
853 1961 914 2044 τὰς
943 1968 980 2035 ἐκ
1011 1969 1096 2037 θεοῦ
1122 1962 1309 2053 συμφοράς·
1338 1973 1445 2056 ψυχῆς
1467 1965 1532 2057 γάρ

225 2059 347 2146 σκότος
379 2067 411 2136 οί
440 2070 625 2151 πειρασμοί.
667 2069 784 2147 ίδικῶς
814 2068 850 2133 δὲ
870 2059 1038 2152 »Ἱερεμίαν
1059 2071 1115 2134 καὶ
1137 2070 1183 2148 είς
1206 2062 1268 2135 τόν
1289 2064 1530 2156 καταρράκτην

223 2168 382 2246 ἐνέβαλεν
409 2157 617 2251 δΠασχοόρ,
645 2162 823 2236 σκοτεινόν
845 2157 930 2234 ὄντα
951 2169 1007 2234 καί
1030 2160 1171 2253 άφεγγῆ,
1195 2159 1319 2238 ὁποῖον
1341 2157 1384 2255 ἢν
1403 2172 1529 2256 καὶτῷ

225 2268 328 2346 Δαβιδ
357 2259 398 2334 τό
430 2258 598 2351 σπήλαιον
620 2266 665 2334 έν
695 2254 724 2354 ᾦ
751 2262 844 2350 παρὰ
871 2263 989 2334 Σαούλ
1016 2259 1262 2351 ἀπεκρύπτετο.
1306 2261 1467 2338 δύναιντο
1495 2271 1530 2336 δὲ

223 2370 279 2433 καὶ
309 2367 355 2445 είς
377 2361 530 2452 Χριστόν
560 2363 592 2432 οί
623 2360 683 2434 δύο
708 2369 835 2452 Θρῆνοι
857 2358 1100 2451 λαμβάνεσθαι,
1123 2354 1164 2434 ού
1186 2361 1295 2446 τύπος
1316 2355 1360 2452 ἦν
1378 2360 1532 2454 Ἱερεμίας

172 2481 206 2534 15
224 2466 374 2534 τοσαῦτα
395 2460 489 2551 παρὰ
508 2457 678 2534 Ἰουδαίων
699 2458 922 2543 πεπονθότος
943 2466 998 2532 καί
1021 2466 1120 2544 τέλος
1141 2458 1242 2552 τάφῳ
1261 2467 1531 2550 παραδοθέντος.
1555 2527 1559 2536 .

502 2671 510 2688 ⁹
580 2698 637 2765 Nr.
658 2697 753 2765 LXX.
795 2698 918 2783 Klagel.
933 2697 1047 2764 Jerem.
1062 2705 1090 2779 3,
1105 2705 1132 2764 7.
1147 2703 1175 2768 8.

306 2838 483 2930 Ἀφύκτοις
513 2873 552 2934 με
578 2863 695 2927 κακοῖς
722 2851 968 2932 περιβέβληκεν,
995 2847 1126 2926 ἐπιθείς
1155 2850 1211 2934 τῷ
1242 2842 1426 2935 τραχήλῳ
1457 2873 1533 2935 μου

225 2941 310 3014 λαὸν
339 2939 454 3034 άπηνῆ
481 2951 538 3015 καί
565 2951 884 3034 παραπικραίνοντα
911 2951 967 3014 καὶ
995 2954 1110 3034 μεῖζον
1138 2939 1160 3032 ἢ
1188 2941 1264 3015 κατ’
1291 2948 1345 3032 έμὲ
1375 2953 1530 3036 φορτίον.

226 3038 287 3112 ούκ
323 3042 548 3132 είσηκούσθην
584 3049 620 3114 δὲ
651 3050 883 3133 κουφισθῆναι
914 3041 1082 3126 πολλάκις
1112 3039 1345 3133 εὐξάμενος·
1379 3049 1529 3116 είσακου-

174 3161 208 3214 20
225 3147 349 3232 σθῆναι
371 3142 434 3232 γάρ
456 3143 537 3226 τούς
558 3137 675 3232 άγίους
696 3139 767 3215 ἔσθ’
790 3137 849 3214 ότε
869 3140 995 3213 κωλύει
1015 3141 1060 3213 τά
1080 3140 1269 3233 πράγματα.
1313 3148 1406 3232 λέγοι
1432 3138 1464 3212 δ’
1487 3140 1530 3214 ἂν

226 3242 345 3331 ζυγὸν
372 3249 428 3313 καί
456 3243 538 3326 τούς
566 3241 704 3326 κλοιούς
725 3242 806 3326 τούς
828 3249 998 3332 σιδηροῦς,
1026 3237 1085 3325 ούς
1106 3239 1184 3314 άντὶ
1201 3251 1350 3330 ξυλίνων
1371 3248 1457 3314 θεοῦ
1477 3269 1530 3312 κε-

224 3340 333 3414 λεύσει
367 3340 600 3430 περιεβάλετο,
637 3351 775 3432 φέρεται
809 3341 872 3432 γὰρ
907 3349 962 3414 καί
992 3339 1123 3431 γραφή·
1156 3337 1321 3430 ἐβάρυνε
1355 3341 1428 3432 γάρ
1457 3341 1530 3414 τὸν

221 3441 377 3529 χαλκὸν
404 3448 478 3514 τοῦ
510 3439 714 3533 τραχήλου
741 3470 822 3532 μου.
865 3439 1071 3530 ἀπέρραξε
1102 3441 1166 3530 γὰρ
1201 3441 1275 3532 τὴν
1305 3439 1531 3546 πρρσευχήν

223 3570 298 3631 μου
333 3550 389 3614 καὶ
424 3548 522 3627 λέξας
557 3539 665 3633 αύτῷ·
697 3542 754 3634 »μὴ
788 3541 991 3632 προσεύχου·
1009 3550 1086 3632 περὶ
1122 3537 1251 3614 αὐτῶν·
1281 3537 1322 3614 ού
1352 3541 1415 3632 γάρ
1445 3545 1530 3614 είσιι-

172 3663 206 3718 25
222 3640 387 3732 κούσομαί
408 3664 490 3714 σου<.

307 3847 354 3902 ot.
372 3845 436 3917 Vgl.
455 3845 563 3917 Olymp.
581 3847 636 3916 (Gh
654 3847 785 3915 111,1‘27):
809 3843 841 3902 ίκ
858 3845 888 3902 δέ
905 3843 1063 3919 προσώπου
1079 3855 1129 3915 τῆς
1146 3841 1329 3918 ἀνθρωπείας
1346 3843 1465 3914 φύσεως,

224 3923 299 3986 οὕτω
324 3929 557 4004 περιῳκοδόμησε
582 3925 645 3986 κατ’
663 3927 745 3999 ἐμοῦ,
772 3927 813 3996 ὼς
838 3932 876 3999 μὴ
903 3929 1043 3987 δύνασθαί
1067 3949 1104 4000 με
1130 3929 1299 4000 διαφεύγειν.
1325 3959 1359 3970 -
1385 3929 1444 3986 812.
1466 3926 1530 3999 Vgl.

224 4013 332 4086 Olymp.
351 4017 385 4082 (ε.
398 4031 423 4068 a„
435 4014 489 4082 0.):
508 4021 593 4070 τοῦτο
611 4013 751 4088 πρότερος
769 4010 785 4068 δ
803 4015 893 4087 Δαβίδ
908 4019 966 4070 κτλ
984 4045 1017 4056 -
1036 4015 1108 4070 Psal.
1127 4016 1184 4083 142,
1202 4016 1226 4070 3.
1244 4045 1278 4053 -
1298 4014 1334 4069 11
1355 4013 1419 4084 Vgl.
1431 4014 1530 4068 Jerem.

225 4101 265 4165 20,
284 4101 307 4152 2.
326 4129 359 4138 -
379 4098 417 4154 18
444 4098 537 4169 VgLI
559 4097 631 4152 Sam.
649 4100 691 4164 24,
708 4101 733 4154 4.
751 4127 784 4138 -
804 4098 842 4153 19
870 4099 1219 4170 vgl.Jerem.35,13.-
1243 4098 1281 4153 22
1300 4097 1363 4169 vgl.
1381 4097 1454 4152 LXX
1466 4098 1530 4154 Luc.

224 4213 257 4220 -
276 4182 316 4237 24
339 4180 681 4252 vgl.Jer0m14,11.12.

310 4366 327 4421 2
349 4365 587 4436 Τὴν-σημαίνει]
604 4366 676 4421 nach
694 4365 741 4422 Nr.
753 4365 867 4421 LXVIII
884 4369 966 4423 unter
983 4367 1032 4422 der
1042 4355 1186 4423 Uberschr.
1202 4360 1348 4436 Ὀλυμπιόί
1365 4367 1402 4434 οΙ
1422 4365 1528 4435 Ubu-

225 4449 311 4522 φορά]
329 4449 427 4506 vorher
444 4459 495 4507 τοῦ
513 4447 600 4507 αίτοῦ
618 4468 634 4505 ο
652 4451 657 4519 Ι
676 4449 693 4506 δ
713 4448 759 4521 Οὐ]
778 4453 877 4506 vorher
894 4459 945 4506 τοῦ
963 4447 1049 4507 αὐτοῦ
1066 4469 1082 4505 ο
1102 4453 1106 4520 Ι
1130 4453 1144 4506 7
1163 4449 1239 4521 λέγει
1257 4450 1325 4518 018
1342 4447 1371 4505 δὲ
1388 4451 1438 4522 τῷ]
1456 4448 1529 4518 μετά

225 4537 258 4600 el
275 4535 312 4590 11
331 4533 513 4606 καταράκτου
531 4536 619 4604 0115
636 4535 783 4601 παθόντος
800 4553 816 4590 0
833 4538 837 4605 Ι
854 4536 892 4592 19
910 4533 1055 4605 πολλάκις]
1072 4545 1105 4594 <
1123 4553 1138 4590 ο
1153 4537 1157 4604 Ι
1173 4535 1213 4591 20
1235 4529 1263 4589 δ’
1275 4529 1319 4604 άν]
1337 4532 1390 4590 δάν
1408 4552 1424 4589 ο
1442 4534 1472 4591 δέ
1489 4550 1504 4589 ο
1523 4537 1527 4602 ἶ

225 4620 264 4674 22
283 4618 483 4692 περιεβάλλετο
502 4619 594 4689 0124
612 4620 686 4692 περὶ]
704 4614 775 4692 ὑπὲρ
793 4638 817 4675 ο.
