3768 5544
637 472 759 528 Homilie
776 473 809 528 X.
844 475 943 530 Jerom.
963 479 1003 544 11,
1022 477 1139 544 18-12,
1158 477 1181 532 9.
1526 484 1565 546 77

253 628 309 706 ότι
338 633 591 726 έπικατόρατον
621 633 705 709 αότό
736 635 778 708 τὸ
810 635 957 726 ἄψυχον,
988 635 1063 710 ἀλλ
1093 644 1224 729 ε’ίρηται
1252 647 1491 730 χειροποίητον
1521 639 1563 714 τό

252 732 574 825 προσκαθεζόμενον
605 744 656 827 τῷ
689 733 809 828 ἀψύχῳ
841 734 1010 827 όγόλματι
1039 749 1096 809 καί
1124 745 1330 858 χρηματίςον
1359 743 1479 828 ἐκείνῳ
1511 748 1562 832 τῷ

252 827 410 924 όνόματι·
442 831 554 920 οὕτως
584 835 625 926 66
656 840 724 924 ἐρῶ
749 843 805 908 καί
832 843 896 960 666
924 844 1081 926 λέγεσθαι
1107 836 1171 911 τὸν
1197 843 1251 911 ἐπὶ
1273 845 1333 929 γῆς
1354 846 1562 930 τεταγμένον

252 932 408 1024 ἄγγελον,
438 942 494 1006 καί
523 927 617 1024 ὕδωρ
648 945 804 1025 λέγεσθαι
833 937 897 1010 τὸν
927 941 984 1009 ἐπί
1014 932 1139 1021 όιίατος
1170 945 1377 1028 τεταγμένον
1407 937 1562 1029 ἄγγελον,

218 1029 330 1104 5καθ’
359 1027 378 1104 6
411 1039 576 1106 λέλεκται·
611 1032 746 1108 ν’ίδοσόν
779 1058 814 1110 σε
840 1029 962 1123 όδατα,
994 1031 1013 1108 6
1040 1034 1134 1122 θεός,
1166 1035 1284 1112 ίδοσόν
1312 1061 1346 1110 σε
1372 1032 1479 1110 όδατα
1507 1047 1563 1111 καί

252 1129 488 1224 ἐφοβήθησαν,
520 1131 756 1224 ἐταράχθησαν
787 1133 924 1258 ἄβυσσοι
956 1135 1114 1228 πλήθους
1141 1133 1243 1226 ἤχους
1269 1133 1415 1224 ὑδάτων,
1438 1139 1562 1230 φωνὴν

253 1234 386 1304 ἔδωκαν
407 1235 440 1304 αἱ
464 1239 610 1319 νεφέλαι,
631 1241 687 1306 καί
710 1235 772 1356 766
796 1236 839 1308 τὰ
858 1243 939 1326 βέλη
961 1260 1025 1308 σου
1046 1235 1338 1327 διαπορεόονταιι.

337 1329 749 1420 ’λιἘγκαταλέλοιπα
712 1363 776 1406 τον
798 1332 896 1408 οἶκόν
915 1365 990 1425 μου,
1012 1333 1127 1426 ἀφῆκα
1149 1335 1214 1426 τὴν
1234 1347 1465 1461 κληρονομίαν
1486 1367 1560 1429 μου,

254 1435 365 1502 ἔδωκα
387 1430 450 1521 τὴν
471 1428 690 1522 ἠγαπημένην
711 1433 824 1558 ηνυχήν
845 1463 911 1524 μου
925 1439 971 1520 είς
984 1454 1096 1525 χεῖρας
1110 1434 1305 1525 ἐχθρῶν
1262 1444 1395 1532 αυτῆςι.
1438 1443 1487 1510 ίδε
1504 1467 1562 1526 μοι

203 1544 236 1599 10
253 1529 316 1650 τόν
349 1535 403 1602 »έν
431 1541 547 1654 μορφῇ
573 1531 721 1604 θεοῦι
701 1531 900 1624 νπόρχοντα
923 1529 1008 1606 ὄντα
1029 1540 1066 1607 έν
1089 1556 1163 1619 τοῖς
1185 1533 1354 1625 οόρανοῑς,
1386 1542 1435 1609 ’ίδε
1457 1535 1563 1610 αὐτοῦ

253 1627 316 1702 τὸν
344 1632 442 1702 οἶκον
468 1627 722 1720 όπερουρόνιον.
768 1638 795 1704 εί
819 1633 934 1720 βούλει
958 1642 1014 1706 καί
1039 1632 1256 1758 ὑψηλότερον
1281 1643 1364 1708 ίδειν
1386 1630 1454 1725 (ότι
1478 1639 1562 1726 »ἐγώ

253 1734 372 1820 ἐντῷ
406 1736 552 1820 πατρία),
584 1737 632 1804 ίόε
663 1730 770 1806 αὐτοῦ
799 1727 948 1806 alnov*
928 1763 1014 1807 οντα
1042 1731 1221 1808 τὸνθεόν.
1262 1743 1458 1808 καταλείπει
1482 1735 1563 1860 »τόν

252 1801 382 1916 πατέρα
403 1837 459 1902 καί
483 1830 548 1921 τὴν
564 1837 720 1922 μητέραι,
745 1831 811 1923 τὴν
836 1832 928 1906 »ἄνω
943 1829 1180 1924 Ἱερουσαλήμι,
1202 1841 1258 1906 καί
1279 1836 1409 1924 ἔρχεται
1431 1836 1536 1919 είς
1499 1866 1563 1910 τον

212 1937 425 2019 περίγειον
447 1926 560 2003 τόπον
580 1938 639 2002 καί
654 1936 665 2022 ΙΙ
681 1956 800 2022 φησιν·
835 1939 1121 2024 »ἐγκαταλέλοιπα
1143 1931 1206 2006 τὸν
1228 1930 1323 2006 οίκόν
1344 1963 1425 2025 μου,
1447 1932 1563 2027 ἀφῆκα
1581 1955 1630 2012 187

202 2049 235 2104 16
252 2027 319 2148 την
339 2039 570 2153 κληρονομίαν
590 2061 685 2120 μουι.
728 2037 838 2123 ἐκείνη
861 2032 924 2124 γὰρ
945 2025 990 2121 ἦν
1005 2063 1025 2123 6
1016 2033 1248 2156 κληρονομία
1262 2031 1377 2120 αὐτοῦ,
1399 2065 1442 2106 τα
1428 2033 1563 2124 χωρία

253 2127 296 2250 τό
318 2126 402 2217 μετὰ
424 2137 498 2202 τῶν
521 2127 684 2220 ἀγγέλων,
708 2129 881 2223 ἡτόξιςὴ
895 2133 979 2224 μετὰ
994 2141 1068 2206 τῶν
1083 2128 1190 2221 ἇγίων
1205 2131 1387 2257 δυνάμεων.
1434 2137 1563 2208 »ἔδωκα

253 2227 319 2350 την
345 2224 568 2352 ηγαπημένην
597 2229 708 2322 φυγήν
736 2261 803 2322 μου
830 2238 876 2318 είς
900 2251 1012 2322 χεῖρας
1033 2235 1170 2322 ἐχθρῶν
1178 2229 1323 2354 666666.
1365 2241 1563 2323 παρέδωκεν

253 2323 360 2400 αὐτοῦ
387 2327 452 2419 τὴν
477 2329 589 2453 ψυχην
615 2335 661 2414 είς
682 2332 744 2452 τᾲς
765 2350 875 2422 χεῖρας
896 2339 971 2403 τῶν
993 2335 1194 2420 έχθρῶν”
1151 2363 1213 2423 της
1234 2339 1355 2454 φυχῆς,
1385 2341 1432 2418 είς
1451 2353 1563 2424 χεῖρας

252 2423 421 2500 Ἰουδαίων
443 2437 517 2500 τῶν
536 2427 820 2504 ἀποκτεινόντων
841 2427 958 2515 αὐτόν,
982 2437 1028 2514 είς
1049 2451 1159 2524 χεῖρας
1181 2429 1358 2521 ἀρχόντων
1377 2441 1563 2523 συναχθέν-

168 2544 234 2602 256
253 2555 328 2598 των
353 2523 430 2600 κατ’
457 2525 576 2614 αὐτοῦ,
610 2537 655 2612 είς
685 2549 796 2620 χεῖρας
817 2525 1047 2622 βασιλέίων,”
1027 2560 1086 2604 οτε
1112 2537 1341 2657 »παρέστησαν
1364 2536 1397 2606 οί
1418 2542 1562 2618 βασιλεῖς

252 2633 314 2716 τῆς
335 2633 395 2717 γῆς
415 2637 472 2700 καί
495 2629 570 2701 οί”
550 2657 726 2754 αρχοντες.
733 2629 949 2722 συνήχθησαν
969 2629 1077 2704 έπί
1040 2661 1081 2703 το
1097 2629 1181 2704 αὐτὸ
1195 2630 1283 2704 κατὰ
1299 2660 1362 2706 του
1347 2638 1492 2721 κυρίου
1506 2639 1561 2704 καί

252 2726 340 2798 κατὰ
361 2733 425 2800 τοῦ
448 2736 598 2817 Χριστοῦ
620 2727 755 2802 αότοῦι.

336 2839 363 2900 8.
393 2823 618 2918 ιἘγενήθη“
598 2858 618 2918 η
640 2837 848 2920 κληρονομία
862 2857 931 2950 μου
952 2826 1078 2921 602‘
1048 2861 1097 2914 ως
1119 2837 1208 2902 λέων
1230 2835 1268 2902 ίν
1289 2837 1431 2922 δρυμῷι.
1474 2825 1559 2922 αὕτη

253 2921 306 3016 (ἦ)
328 2931 384 2998 ἐπί
406 2933 466 3016 γῆς
487 2935 698 3049 κληρονομία
719 2923 827 3000 αὐτοῦ
847 2925 891 3017 ἣν
912 2926 1204 3020 κεκληρονόμηκεν
1226 2925 1451 3021 ἇπεθηριιόθη
1473 2929 1559 3020 πρὸς

201 3044 235 3100 25
252 3021 369 3110 αὐτόν,
391 3032 447 3098 καί
469 3022 648 3115 γέγονενε
628 3056 648 3116 η
670 3034 880 3118 κληρονομία
897 3024 1049 3102 Ἰουδαιοι
1070 3033 1336 3121 έξαγριωθέντες
1356 3025 1431 3103 κατ’
1454 3028 1580 3104 αὐτοῦΔ

256 3123 323 3209 νεός
350 3133 441 3197 λέων
467 3130 505 3197 ἐν
530 3132 673 3217 δρυμῷι.
717 3157 758 3200 ον
748 3123 981 3217 ’θαυμαστὸν
1002 3134 1031 3200 εί
1052 3125 1133 3201 τότε
1154 3126 1331 3218 έγένετο“
1311 3159 1331 3220 6
1352 3137 1560 3220 κληρονομία

337 3297 396 3354 66.
415 3297 479 3368 vgl.
498 3314 520 3352 ο.
541 3291 620 3352 Cel(
628 3300 652 3362 8,
671 3299 705 3354 32
723 3298 808 3370 (Orig.
826 3299 859 3363 ΙΙ,
878 3301 1012 3371 248‚1f.):
1030 3302 1122 3368 θείοις
1139 3297 1271 3372 ἀγγέλοις
1286 3309 1347 3367 τοῖς
1364 3297 1411 3358 έπί
1427 3307 1485 3358 τῶν
1502 3321 1558 3358 τοι·

253 3382 343 3438 αὐτων
360 3380 552 3452 τεταγμένοις.
574 3411 608 3420 -
630 3381 736 3438 5Ρεο1.
755 3385 800 3452 76,
821 3386 861 3438 17.
879 3384 920 3439 18.
937 3415 970 3424 -
990 3387 1026 3441 10
1044 3385 1108 3456 vgl.
1126 3387 1198 3442 Phil.
1216 3387 1240 3452 2,
1260 3387 1284 3442 6.
1302 3415 1335 3426 -
1354 3386 1430 3444 106.
1449 3387 1512 3458 Vgl.
1529 3387 1559 3441 in

252 3467 313 3521 Joh.
331 3467 407 3520 Tom.
426 3467 467 3532 20,
487 3467 519 3521 18
537 3467 584 3534 (Br
601 3467 635 3533 11,
653 3469 695 3532 61,
714 3468 803 3535 13ff.):
832 3462 880 3523 ὅτε
897 3463 913 3522 6
932 3465 992 3534 υίὸς
1010 3466 1041 3525 έν
1058 3475 1097 3543 τῷ
1116 3471 1203 3542 πατρί
1220 3467 1303 3536 ἐστιν,
1325 3466 1356 3525 έν
1373 3477 1472 3542 μορφῇ
1489 3475 1561 3527 θεοῦ

251 3545 387 3623 ὑπάρχων
404 3552 472 3620 πρίν
489 3544 591 3605 ἑαυτὸν
607 3555 738 3616 κενῶσαι,
759 3547 847 3607 οίονεί
859 3551 947 3619 τόπος
959 3554 1024 3624 (ng.
1037 3553 1130 3608 Mioha
1142 3558 1165 3622 1,
1178 3557 1205 3622 3)
1217 3551 1305 3610 αὐτοῦ
1316 3551 1390 3610 ἐστιν
1403 3549 1420 3610 6
1431 3553 1508 3620 θεός.
1527 3585 1561 3594 -

252 3637 290 3691 11
313 3634 374 3704 vgl.
392 3635 453 3689 Joh.
474 3637 514 3698 14,
533 3637 573 3690 10.
594 3639 633 3690 11.
650 3663 684 3675 -
704 3635 772 3694 121.
793 3636 856 3706 Vgl.
874 3637 974 3692 Matth.
995 3639 1034 3704 19,
1046 3641 1070 3694 5.
1090 3669 1123 3677 -
1140 3639 1205 3709 vgl.
1224 3639 1284 3694 Gal.
1302 3645 1327 3702 4,
1339 3639 1380 3692 26.
1398 3669 1432 3678 -
1449 3637 1513 3707 vgl.
1530 3637 1561 3691 in

251 3719 350 3774 Matth.
363 3720 439 3775 Tom.
453 3723 493 3781 14,
508 3721 539 3774 17
559 3720 607 3789 (Lo
619 3722 644 3784 3,
657 3721 730 3788 3086
747 3721 798 3776 καί
813 3718 1002 3777 καταλέλοιπέ
1019 3741 1052 3793 γε
1069 3721 1114 3778 διὰ
1125 3724 1177 3791 τὴν
1189 3719 1338 3792 ἐκκλησίαν
1349 3721 1446 3794 κύριος
1459 3717 1475 3776 6
1488 3718 1560 3794 ἀνὴρ

251 3802 370 3876 πατέρα,
389 3800 423 3860 ὃν
435 3798 522 3876 ἑώρα,
541 3799 589 3860 ὅτε
607 3799 638 3860 έν
654 3809 755 3875 μορφῇ
770 3807 843 3860 θεοῦ
859 3799 975 3877 ὑπῆρχε,
993 3805 1181 3862 καταλέλοιπε
1198 3805 1229 3863 6
1245 3809 1294 3862 καί
1309 3809 1361 3875 τὴν
1377 3805 1494 3879 μητέρα,
1511 3807 1560 3862 καί

252 3886 338 3954 αὐτὸς
354 3883 415 3954 υίὸς
432 3883 474 3942 ὢν
491 3893 542 3957 τῆς
559 3881 620 3944 έίνω
634 3879 827 3960 Ἰερουσαλήμ.
846 3919 879 3928 -
897 3889 937 3945 20
956 3890 1028 3944 Ρεαί.
1047 3892 1070 3956 2,
1089 3893 1106 3946 2
1124 3893 1184 3945 Aet.
1196 3894 1221 3959 4,
1234 3891 1275 3946 26.

337 4054 356 4109 θ
375 4055 407 4123 66
420 4050 478 4125 έρῶ
494 4057 543 4110 καί
560 4060 613 4126 γῆν
630 4053 768 4126 λέγεσθαι
780 4055 817 4110 Co
835 4054 878 4108 είο
899 4061 923 4109 τί
939 4073 1014 4111 κιαιο
1031 4061 1105 4112 terra
1115 4058 1269 4126 appellatur
1285 4059 1311 4113 H
1328 4051 1352 4112 δ’
1368 4053 1424 4130 έρῶ
1441 4059 1491 4113 καί
1508 4061 1561 4128 γῆν

250 4139 387 4210 λέγεσθαι
403 4141 462 4206 (καί
478 4144 531 4210 γῆν
548 4140 577 4194 in
589 4139 692 4206 Rau.)S
708 4141 712 4207 Ι
732 4140 753 4194 4
770 4133 902 4210 ἄγγελον]
921 4145 954 4204 -Ι-
966 4139 1023 4194 Νω
1039 4141 1089 4195 ίιοο
1107 4147 1216 4197 tantum
1232 4143 1357 4211 666in
1373 4143 1406 4196 ιἰι
1423 4141 1533 4196 ίωτοΗ
1555 4143 1559 4211 ί

250 4219 507 4293 δίδοσαν-θεός]
526 4223 596 4283 <Η
619 4225 624 4292 Ι
647 4225 666 4279 θ
683 4224 819 4294 πλήθους]
837 4223 983 4278 Multitudo
1000 4225 1026 4280 H
1046 4227 1050 4294 Ι
1072 4225 1111 4282 10
1129 4223 1160 4282 έν
1178 4226 1215 4282 Co
1233 4223 1268 4294 έμ
1286 4227 1304 4282 S
1323 4227 1328 4293 l
1348 4228 1385 4282 11
1404 4221 1559 4299 ὑπερουρά-

250 4307 322 4377 νιον]
343 4307 471 4374 Thronos,
488 4315 513 4362 τί
528 4308 649 4362 malms
667 4325 790 4378 ριαιεηιω
807 4308 925 4364 ίῙίιίιιίεε
943 4311 969 4365 Η
986 4310 1054 4380 (vgl.
1072 4311 1134 4367 Kol.
1154 4315 1175 4374 1,
1195 4307 1508 4382 συγχωροῦνται]
1528 4311 1562 4364 Si

251 4397 343 4446 ααίαπ
360 4393 402 4446 νίε
420 4392 530 4461 αίίρικλί
540 4393 567 4447 Η
581 4399 585 4458 Ι
604 4392 640 4448 12
659 4391 756 4466 πατρί]
775 4401 808 4458 -ί·
819 4398 844 4448 τί
860 4393 943 4448 Pater
959 4394 992 4448 ιἰι
1008 4411 1052 4448 κιο
1063 4396 1098 4462 Η,
1117 4393 1257 4451 vielleicht
1268 4393 1368 4464 richtig
1387 4395 1391 4463 Ι
1409 4393 1460 4450 τὸν
1476 4393 1559 4464 θεόν]

250 4477 362 4532 Patrem
379 4477 468 4531 Deum
485 4477 511 4531 H
526 4479 530 4545 Ι
547 4477 586 4533 14
602 4473 699 4548 ἀφῆκα
712 4477 749 4531 Co
768 4475 833 4547 (vgl,
845 4477 881 4545 H)
899 4475 1060 4549 ἀφῆκαςθί
1078 4479 1115 4536 16
1133 4477 1280 4547 δυνάμεων
1297 4478 1326 4532 in
1343 4477 1434 4534 Rus
1449 4480 1454 4547 Ι
1469 4479 1510 4534 24
1527 4479 1561 4549 ἣν

251 4561 509 4634 κεκληρονόμηκεν]
532 4579 616 4631 φασιν
639 4563 696 4616 sibi
716 4563 828 4630 ιίεφενοί
850 4563 883 4616 ίιι
901 4564 1112 4632 possessionem,
1135 4581 1203 4632 quae
1222 4579 1292 4630 μανι
1312 4562 1370 4631 ιγ’·αε
1390 4561 1481 4629 suerat
1502 4562 1529 4616 H
1555 4563 1559 4630 Ι

252 4646 290 4703 25
309 4639 436 4702 Ἰουδαῖοι
453 4642 675 4718 έξαγριωθέντες
691 4639 755 4702 κατ’
773 4643 869 4716 αἰτοῦ]
887 4648 919 4701 id
935 4652 975 4701 ιεί
991 4646 1093 4701 ίαιίοεί
1108 4646 1208 4714 11126
1227 4643 1269 4717 οὐ]
1288 4647 1344 4701 Neo
1361 4647 1394 4702 H.
