3694 5542
672 461 793 517 Homilie
809 461 882 516 XIX.
916 459 1015 517 Jerem.
1033 463 1074 527 20,
1092 461 1166 514 1-7.
1500 468 1558 530 169

257 619 312 698 ότι
337 631 384 710 είς
409 625 453 698 τά
478 623 620 716 ὑπερῷα
645 624 728 707 τοὺς
753 622 936 715 προφήτας
961 621 1177 710 ὑπεδέξαντο.
1227 628 1265 695 ἐν
1291 630 1335 710 τῇ
1360 630 1459 712 τρίτη
1486 629 1559 694 τῶν

257 733 446 798 Βασιλειῶν
470 723 720 815 ἀναγέγραπται
740 721 827 815 χήρα
846 721 1077 813 ὑποδεξαμένη
1091 721 1155 795 τὸν
1169 719 1282 794 Ἠλίαν
1297 721 1361 793 τὸν
1373 718 1560 812 προφήτην

256 831 293 898 ἐν
307 832 506 914 Σαρέφθοις
527 831 588 913 τῆς
602 830 782 908 Σιδωνίας,
803 820 880 913 ἥτις
904 830 969 906 »είς
987 821 1028 894 τὸ
1046 820 1222 910 ὑπερῷον(
1242 819 1345 912 αὑτῆς
1360 826 1482 908 ἐξένισε
1497 821 1560 895 τὸν

255 922 446 1014 προφήτην.
494 932 551 996 καὶ
574 927 611 995 ἐν
635 931 677 1013 τῇ
696 921 842 1012 τετάρτη
865 918 886 1014 ή
907 921 971 995 τὸν
991 919 1178 995 Ἐλισσαῖον
1198 919 1428 1012 ὑποδεξαμένη
1451 919 1560 1010 εὑτρέ-

222 1039 238 1093 5
256 1049 355 1098 πισεν
375 1021 468 1113 αὑτῷ
492 1026 589 1096 οἶκον
611 1029 658 1107 είς
679 1023 721 1096 τὸ
742 1019 910 1114 ὑπερῷον.
953 1018 972 1094 ὁ
995 1029 1030 1093 δὲ
1052 1018 1255 1112 άμαρτωλὸς
1276 1018 1421 1110 Ὀχοζίας
1443 1025 1560 1094 έπεσεν

257 1123 325 1197 ἀπὸ
347 1131 411 1197 τοῦ
431 1122 598 1214 ὑπερῴου.
645 1131 703 1195 καὶ
729 1130 782 1196 σοὶ
805 1128 841 1194 δὲ
861 1119 983 1212 Ἰησοῦς
1005 1127 1199 1194 ἐντέλλεται
1220 1120 1265 1212 μή
1286 1129 1503 1208 καταβαίνειν
1525 1125 1561 1192 ἐκ

172 1239 239 1294 308v
256 1231 320 1297 τοῦ
338 1223 504 1313 δώματος.
537 1217 685 1312 »ῦτανηί
701 1220 764 1314 γάρ
780 1246 871 1312 φησι,
887 1219 969 1293 τάδε
983 1230 1040 1292 καὶ
1055 1219 1136 1292 τάδε
1152 1229 1298 1311 γένηται,
1317 1217 1432 1292 »τότει
1454 1216 1491 1292 »ὁ
1507 1225 1559 1292 ἐπὶ

256 1329 319 1394 τοῦ
341 1324 498 1413 δώματος
519 1322 563 1412 μὴ
585 1319 767 1409 καταβάτω
790 1315 868 1411 ἆραι
889 1321 933 1394 τὰ
954 1326 992 1393 ἐκ
1013 1327 1075 1410 τῆς
1097 1326 1204 1404 οίκίας
1226 1317 1361 1393 αὑτοῦι.
1398 1316 1469 1392 ὁέν
1488 1339 1561 1402 τοῖς

256 1431 415 1514 διωγμοῖς
438 1421 575 1512 ῳεῦγων
598 1419 670 1512 οῦχὶ
692 1422 737 1512 μὴ
760 1428 807 1505 είς
829 1427 925 1511 δῶμα
945 1419 990 1510 μή
1013 1418 1234 1506 άναβαινέτω,
1258 1416 1336 1492 ἀλλ’
1359 1424 1396 1491 ἐκ
1416 1426 1480 1493 τοῦ
1495 1418 1559 1491 δῶ-

205 1539 238 1594 10
254 1550 362 1612 ματος
386 1522 447 1612 »μὴ
469 1529 703 1610 καταβαινέτω
726 1513 805 1610 άραι
825 1521 870 1593 τά
893 1526 929 1592 ἐκ
951 1525 1013 1610 τῆς
1035 1527 1142 1602 οίκίας
1165 1516 1299 1592 αὑτοῦι.

339 1621 456 1695 Καλὸν
484 1614 546 1694 οῦν
569 1627 607 1694 ἐν
627 1619 798 1712 ὑπερῴοις
819 1623 916 1704 εἶναι,
942 1618 1049 1692 καλὸν
1071 1623 1107 1691 ἐν
1130 1619 1281 1709 δώμασιν
1301 1621 1387 1692 εἶναι
1407 1625 1462 1690 καὶ
1485 1617 1557 1690 άνω

254 1750 323 1793 που
344 1719 529 1811 τυγχάνειν.
564 1727 621 1793 καὶ
642 1726 675 1794 σί
696 1720 879 1810 θαυμάσιοι
900 1726 936 1791 δὲ
958 1715 1156 1802 ἀπόστολοι,
1179 1716 1227 1802 ῶς
1248 1723 1285 1790 ἐν
1303 1737 1378 1802 ταῖς
1392 1715 1558 1808 Πράξεσιν

218 1899 219 1904 1
255 1817 514 1911 ἀναήγέγραπται
543 1818 673 1906 αὑτῶν,
704 1819 804 1913 ἡνίκα
833 1824 888 1893 ἐπὶ
914 1817 955 1890 τό
983 1814 1068 1890 αὑτό
1094 1810 1208 1890 ὄντων
1234 1815 1351 1891 αὑτῶν
1376 1817 1559 1907 ἐσχόλαζον
1580 1833 1630 1890 256

254 1939 328 2004 ταῖς
351 1917 459 2009 εὐχαῖς
480 1927 536 1992 καὶ
558 1927 609 2012 τῷ
632 1919 725 2012 λόγῳ
749 1927 812 1994 τοῦ
833 1924 927 2002 θεοῦ,
949 1921 986 1989 ἐν
1008 1913 1157 2007 ὑπερῴῳ
1178 1909 1272 2006 ήσαν.
1308 1925 1364 1990 καὶ
1386 1923 1458 1991 ἐπεὶ
1473 1911 1559 2008 ἦσαν

204 2043 237 2098 15
254 2025 291 2092 έν
311 2017 471 2109 ὑπερῴῳ,
494 2017 556 2093 οῦκ
578 2013 663 2110 ἦσαν
685 2018 790 2094 κάτω.
827 2018 882 2090 διὰ
903 2023 1010 2090 τοῦτο
1036 2013 1223 2106 »ὤφθησαν
1245 2013 1363 2101 αὑτοῖς
1377 2015 1559 2108 διαμεριζό-

253 2149 351 2210 μεναι
372 2126 521 2210 γλῶσσαι
543 2117 623 2192 ώσεὶ
644 2116 779 2209 πυρόςι.
827 2115 916 2191 ἀλλὰ
936 2124 992 2190 καὶ
1014 2123 1158 2206 Πέτρος,
1182 2113 1280 2206 ήνίκα
1303 2113 1472 2207 ἀνέπεμπε
1494 2117 1559 2206 τήν

253 2215 354 2309 εῦχήν
376 2227 428 2310 τῷ
450 2228 534 2310 θεῷ,
555 2215 669 2309 »ἀνέβη
691 2223 737 2302 είς
755 2217 796 2291 τὸ
813 2223 931 2306 δῶμαε·
953 2223 1009 2288 καὶ
1025 2215 1112 2307 εἰμὴ
1128 2213 1320 2307 ἀνεβεβήκει
1335 2223 1382 2300 εἰς
1397 2215 1438 2288 τὸ
1455 2223 1559 2306 δῶμα,

254 2315 316 2392 οὑκ
343 2315 385 2389 ἀν
412 2321 498 2390 εἶδεν
522 2324 571 2406 »ἐξ
597 2316 746 2408 οῦρανοῦ
771 2325 980 2400 καταβαῖνον
1007 2321 1124 2399 σκεῦος
1151 2314 1199 2400 ῶς
1226 2311 1357 2407 ὀθόνην
1385 2323 1560 2404 τέσσαρσιν

254 2414 369 2506 ἀρχαῖς
394 2427 599 2508 καθιέμενον
626 2422 663 2490 ἐκ
690 2425 753 2490 τοῦ
780 2415 948 2508 οὑρανοῦ.
1001 2411 1090 2487 ἀλλὰ
1115 2423 1172 2489 καὶ
1198 2411 1219 2505 ἦ
1245 2417 1307 2500 τάς
1333 2411 1560 2507 ἐλεημοσῦὺας

202 2537 236 2592 20
253 2515 421 2607 ποιήσασα
446 2514 604 2603 »Ταβιθά
626 2514 702 2608 ήτις
724 2520 971 2608 ἓρμηνευομένη
990 2526 1123 2610 λέγεται
1137 2513 1297 2606 Δορκάςι,
1317 2514 1414 2588 κάτω
1430 2511 1492 2586 οὑκ
1507 2507 1559 2604 ήν,

254 2614 329 2690 ἀλλ’
358 2621 414 2689 »ἐν
440 2623 491 2707 τῷ
517 2613 701 2706 ὑπερώῳι,
728 2611 818 2690 ὅπου
844 2614 970 2706 ἀναβάς
991 2626 1121 2707 Πέτρος
1148 2615 1331 2705 ἀνέστησεν
1357 2610 1464 2705 αὑτὴν
1491 2610 1559 2686 ἀπὸ

253 2723 327 2787 τῶν
352 2723 493 2806 νεκρῶν.
540 2712 627 2789 ἀλλὰ
652 2724 708 2788 καὶ
729 2712 852 2804 Ἰησοῦς
879 2716 1008 2808 ταύτην
1029 2718 1095 2808 τήν
1117 2716 1242 2808 ἑορτήν
1263 2707 1302 2804 ἧς
1324 2714 1366 2787 τὸ
1389 2712 1560 2802 σύμβολον

254 2821 418 2905 ποιοῦμεν
440 2815 482 2888 τὸ
504 2813 616 2905 πάσχα
636 2823 773 2906 μέλλων
796 2814 969 2905 ἑορτάζειν
990 2819 1075 2906 μετὰ
1096 2825 1170 2889 τῶν
1185 2823 1363 2908 μαθητῶν,
1383 2822 1560 2885 πυνθανο-

254 2923 368 3004 μένων
396 2913 526 2987 αὑτῶν·
555 2923 641 2988 »ποῦ
667 2921 779 2998 θέλεις
806 2914 1028 3008 ἑτοιμάσομέν
1055 2940 1110 2990 σοι
1137 2916 1178 2989 τὸ
1201 2913 1340 3003 πάσχοι,
1368 2915 1451 2985 εἶπε·
1481 2941 1560 2984 επο-

204 3033 238 3088 25
256 3021 451 3104 ρευομένων
481 3011 667 3106 ἀπαντήσει
697 3012 775 3104 ὑμῖν
805 3013 995 3106 ἄνθρωπος
1024 3014 1185 3107 κεράμιον
1216 3009 1342 3097 ῦδατος
1372 3009 1560 3100 βαστάζων,

255 3117 373 3202 ἐκείνῳ
390 3109 659 3204 ἀκολουθήσατε.
692 3120 821 3198 ἐκεῖνος
835 3111 912 3204 ὑμῖν
928 3122 1027 3204 δείξει
1041 3113 1207 3204 ἀνάγαιον
1222 3121 1314 3205 μέγα,
1334 3118 1560 3201 ἐστρωμένον,

170 3229 239 3284 309r
256 3220 500 3304 σεσαρωμένον,
523 3216 674 3303 ἕτοιμον·
695 3219 765 3287 ἐκεῖ
777 3213 976 3305 ἑτοιμάσατε
993 3216 1035 3287 τὸ
1050 3213 1191 3304 πάσχαι.
1225 3210 1334 3296 οὑδελς
1351 3205 1413 3285 οῦν
1427 3209 1539 3301 πάσχα
1556 3260 1558 3269 ·

255 3321 370 3386 ποιῶν
396 3311 444 3395 ῶς
464 3309 588 3404 Ἰησοῦς
612 3313 784 3398 βοὺλεται,
810 3311 907 3385 κάτω
934 3319 1004 3386 ἐστὶ
1030 3321 1095 3386 τοῦ
1121 3311 1293 3403 ἀναγαίου.
1340 3308 1429 3384 ἀλλὰ
1456 3316 1485 3383 εί
1509 3342 1561 3394 τις

256 3411 407 3502 ἑορτάζει
427 3411 512 3501 μετά
533 3418 597 3484 τοῦ
618 3409 731 3502 Ἰησοῦ,
754 3411 828 3485 άνω
850 3417 943 3486 ἐστίν
964 3417 1001 3486 ἐν
1020 3411 1171 3504 ἀναγαίῳ
1187 3410 1333 3503 μεγάλῳ,
1355 3416 1393 3484 ἐν
1410 3408 1560 3500 άναγαίῳ

204 3527 238 3581 30
255 3519 493 3601 σεσαρωμένῳ,
520 3515 557 3583 ἐν
583 3507 736 3602 ἀναγαίῳ
763 3519 1002 3603 κεκοσμημένῳ
1029 3520 1084 3586 καὶ
1112 3515 1247 3602 ἑτοίμῳ.
1295 3511 1354 3584 ἐάν
1378 3517 1413 3582 δέ
1434 3507 1562 3600 ἀναβής

255 3608 330 3702 μετ’
354 3607 469 3695 αὑτοῦ,
492 3614 548 3682 ἵνα
569 3607 734 3701 ἓορτάσης
755 3611 797 3683 τὸ
817 3609 939 3701 πάσχα,
963 3619 1080 3685 δίδωσί
1101 3638 1156 3685 σοι
1174 3612 1216 3684 τὸ
1229 3609 1402 3702 ποτήριον
1416 3615 1477 3699 τῆς
1493 3615 1562 3682 δια-

256 3709 366 3801 θήκης
387 3715 449 3799 τῆς
470 3716 598 3800 καινῆς,
622 3717 738 3783 δίδωσί
760 3735 814 3783 σοι
835 3719 891 3783 καὶ
913 3712 977 3784 τὸν
999 3711 1107 3802 άρτον
1129 3718 1191 3802 τῆς
1214 3709 1376 3800 εὐλογίας,
1403 3709 1444 3780 τὸ
1467 3717 1563 3799 σῶμα

258 3813 380 3882 ἑαυτοῦ
402 3815 457 3881 καί
479 3807 520 3882 τὸ
544 3809 624 3900 αἷμα
647 3812 770 3882 ἑαυτοῦ
783 3818 962 3899 χαρίζεται.
995 3812 1050 3883 διὰ
1065 3818 1172 3884 τοῦτο
1187 3815 1450 3900 παρακαλοῦμεν
1466 3805 1561 3898 ὑμᾶς·

255 3906 466 3993 »άναβαίνετε
488 3915 535 3993 είς
556 3904 653 3997 ῦῳος,
677 3915 789 4000 α’ίρετε
809 3917 857 3994 είς
877 3907 967 3999 ῦψος
988 3912 1070 3994 τούς
1093 3906 1296 3999 όῳθαλμοὺς
1310 3907 1427 3998 ὑμῶν.
1462 3903 1563 3997 κάμοὶ

342 4065 399 4124 117.
418 4065 480 4136 931.
497 4065 591 4119 ΙΚδν.
605 4065 645 4128 17,
657 4065 681 4121 9.
695 4067 734 4120 19.
749 4095 782 4105 -
801 4065 858 4120 411.
878 4065 944 4136 931.
961 4065 1105 4126 11116114,
1118 4067 1158 4121 10.
1176 4095 1209 4104 -
1225 4066 1242 4120 5
1260 4063 1324 4133 931.
1337 4063 1362 4116 II
1375 4064 1445 4118 Κδιι.
1459 4065 1481 4126 1,
1494 4064 1518 4116 2.
1531 4092 1564 4101 -

261 4148 353 4204 7-10
375 4149 439 4220 931.
458 4149 558 4204 Matth.
576 4151 617 4215 24,
635 4151 744 4206 15-17.
771 4180 805 4189 -
832 4151 911 4206 1217.
929 4149 993 4220 931.
1012 4152 1073 4204 Act.
1093 4153 1116 4213 1,
1134 4151 1174 4204 13.
1193 4150 1233 4204 14.
1254 4177 1288 4187 -
1316 4148 1350 4202 15
1368 4149 1429 4202 Aet.
1447 4147 1471 4208 2,
1489 4149 1513 4202 3.
1531 4177 1564 4186 —

259 4233 295 4289 16
312 4233 375 4303 931.
393 4235 454 4288 Act.
474 4236 514 4300 10,
532 4235 608 4290 9.-
627 4232 663 4288 18
679 4233 743 4303 931.
761 4237 822 4288 Aet.
835 4237 876 4298 10,
895 4238 936 4290 11.
954 4264 988 4274 -
1007 4235 1045 4290 19
1064 4233 1126 4304 931.
1144 4237 1204 4288 Act.
1220 4234 1243 4296 9,
1256 4233 1297 4288 30.
1315 4261 1348 4271 -
1367 4233 1403 4285 20
1421 4230 1485 4300 931.
1503 4233 1564 4284 Aet.

258 4319 283 4381 9,
299 4317 341 4373 37.
363 4347 396 4357 -
414 4317 451 4373 21
472 4317 537 4388 931.
552 4319 612 4371 Aet.
629 4321 654 4383 9,
666 4319 775 4373 39-41.
793 4348 826 4357 -
845 4317 955 4374 24-27
978 4319 1039 4388 931.
1056 4319 1144 4372 ΜετΙῐ.
1158 4321 1198 4384 14,
1212 4318 1311 4371 12-15
1338 4315 1406 4370 Luk.
1418 4315 1459 4382 22,
1472 4315 1564 4370 9-12.

258 4433 291 4443 -
310 4401 373 4458 807.
391 4401 454 4472 931.
472 4402 626 4466 νεοίατο,
643 4403 676 4458 18
691 4402 775 4457 Pan?
791 4431 824 4440 -
848 4402 920 4460 am.
939 4402 1003 4472 Vgl.
1022 4403 1121 4457 Matth.
1138 4403 1179 4467 26,
1192 4401 1294 4458 26-28
1309 4401 1371 4455 Par.
1390 4429 1423 4438 -
1440 4399 1477 4454 81
1501 4397 1564 4468 931.

258 4487 349 4542 IKor.
368 4489 408 4551 10,
427 4486 555 4550 167184
574 4486 637 4557 931.
655 4485 710 4542 δεε.
728 4489 769 4555 37,
788 4489 828 4542 23.
846 4487 879 4542 24
902 4489 944 4554 40,
963 4488 979 4542 9
996 4506 1022 4542 u.
1040 4487 1112 4542 Ρεε1.
1132 4487 1190 4549 120,
1209 4487 1246 4540 12

345 4622 384 4678 26
403 4617 604 4694 ἐστρωμμενον
616 4621 633 4674 8
649 4623 652 4689 Ι
669 4623 706 4678 27
721 4621 934 4694 σεσαρωμένον]
945 4629 977 4686 -1-
986 4619 1221 4690 κεκοσμημένον7
1236 4621 1308 4674 nach
1320 4619 1386 4675 z.30
1397 4638 1424 4674 u.
1434 4617 1460 4672 S.
1469 4617 1512 4686 87,
1523 4619 1564 4672 27.
