3694 5542
352 492 413 558 246
748 485 888 555 Origenae’
907 481 1265 554 Klagoliodorkommenfn.

352 651 437 720 είναι
471 643 513 720 τό
543 647 607 720 τὸν
636 652 776 738 σωτῆρα
806 643 958 731 βαλόντα
983 641 1077 737 ῦδωρ
1105 652 1151 730 είς
1177 645 1240 718 τόν
1275 652 1422 738 νιπτῆρα
1453 654 1659 720 πεπλακέναι

351 749 433 831 τοὺς
458 745 566 831 πόδας
592 755 666 819 τῶν
687 753 866 836 μαθητῶν,
896 752 1041 834 λέγοντα
1063 752 1114 837 τῷ
1136 752 1278 835 μηδέπω
1300 753 1450 818 συνιέντι
1472 746 1512 819 τὸ
1534 745 1660 838 μυστή-

351 876 426 936 ριον
455 857 511 919 καί
542 847 596 920 διά
627 853 732 919 τοῦτο
762 843 936 917 κωλύοντι
957 851 1093 936 Πέτρῳ·
1127 845 1205 916 »ἐάν
1234 845 1278 936 μὴ
1306 853 1398 933 νίψω
1425 871 1461 919 σε
1487 845 1549 920 ούκ
1575 849 1659 936 ἔχεις

349 953 450 1038 μέρος
475 944 547 1036 μετ’
569 952 685 1038 ἐμοῦι,
711 954 768 1018 καί
805 939 841 1016 »δ
868 947 935 1034 ἐγὼ
962 953 1064 1030 ποιοῦ,
1086 944 1127 1018 σύ
1149 942 1210 1018 οῦκ
1232 945 1326 1028 σίδας
1348 944 1435 1036 άρτι,
1458 943 1572 1038 γνώση
1593 953 1630 1018 δὲ
1650 955 1660 1036 11
1683 959 1739 1014 329

315 1045 434 1137 ομετά
457 1053 594 1119 ταῦται.
628 1042 753 1120 σύκοῦν
775 1043 883 1135 δεήσει
904 1049 1245 1136 περιαθροίσαν<τας>
1267 1054 1345 1135 περὶ
1365 1046 1459 1132 τούς,
1485 1042 1528 1117 ἵν’
1547 1039 1660 1130 οῦτως

350 1151 445 1232 είπω,
468 1143 576 1231 πόδας
602 1152 664 1236 τῆς
686 1151 794 1236 ψυχῆς
816 1141 1028 1232 ἀκαθαρσίαν
1048 1152 1124 1232 [καί]
1147 1150 1313 1235 δεηθῆναι
1339 1151 1402 1217 τοῦ
1422 1142 1536 1237 Ἰησοῦ,
1563 1141 1660 1230 ὅπως

350 1243 460 1336 αύτὴν
481 1243 664 1333 άποπλύνη
683 1253 739 1316 καί
754 1251 958 1334 δυνηθῶμεν
972 1250 1072 1334 μέρος
1088 1247 1174 1334 ἔχειν
1192 1239 1265 1332 μετ’
1281 1240 1395 1317 αύτσῦ.
1431 1251 1460 1318 εί
1473 1245 1537 1336 γάρ
1552 1275 1659 1337 παρα-

349 1351 445 1436 μένοι
464 1340 559 1437 αῦτη,
587 1341 752 1437 ἐμπόδιόν
780 1349 850 1416 ἐστι
879 1343 944 1434 τὴν
970 1343 1057 1415 κατὰ
1083 1343 1148 1416 τὸν
1171 1343 1249 1436 ύγιῆ
1275 1341 1381 1434 λόγον
1406 1341 1492 1436 ἡμᾶς
1512 1353 1659 1434 βαδίζειν

350 1438 443 1531 ὁδόν,
466 1443 530 1518 τὸν
550 1452 690 1536 σωτῆρα
711 1443 776 1516 τὸν
798 1441 952 1517 εἰπόντα·
984 1444 1068 1533 »ἐγώ
1091 1450 1156 1534 είμι
1178 1441 1199 1534 ἡ
1220 1439 1329 1528 δδόςι.

300 1658 333 1712 10
719 1647 776 1715 Nr.
798 1647 912 1714 XXIV.
955 1647 1081 1732 KlageL
1094 1647 1209 1714 Jerem.
1226 1657 1252 1730 1,
1267 1655 1294 1715 9.

433 1799 546 1884 Δῆλον
577 1800 613 1866 δέ
644 1789 699 1865 δτι
728 1789 749 1887 ἦ
779 1800 842 1884 μέν
871 1789 1067 1883 ὑγιαίνουσα
1092 1793 1182 1884 ψυχὴ
1210 1789 1232 1884 ἢ
1257 1792 1325 1866 κᾶν
1350 1793 1493 1884 τοιαύτη
1515 1823 1550 1884 γε
1573 1795 1660 1866 εἶναι

349 1900 539 1983 βουλομένη
566 1899 676 1965 ταῦτα
702 1889 860 1984 πράττει,
887 1890 929 1966 ου’
956 1899 1127 1965 τοσοῦτον
1151 1891 1193 1964 τό
1214 1893 1328 1985 παρὸν
1346 1892 1454 1982 μόνον
1476 1900 1659 1980 σκοποῦσα,

350 1986 432 2064 ὅσον
462 1997 689 2084 προορωμένη
720 1998 754 2064 τί
783 2003 839 2065 καί
869 1999 915 2076 είς
945 1992 988 2064 τά
1017 1999 1190 2084 μέλλοντα
1218 1997 1255 2065 ἐκ
1287 2001 1361 2066 τῶν
1387 1997 1659 2084 ἐπιτελουμένων

349 2086 639 2182 άπαντηθήσεται
681 2099 737 2164 καὶ
772 2091 831 2164 ἐὰν
860 2099 924 2183 μὲν
952 2099 1101 2182 χρηστοῦ
1131 2121 1226 2176 τινος
1257 2100 1478 2184 νομιζομένου
1509 2098 1564 2164 ἐπί
1595 2100 1659 2164 τοῦ

299 2213 332 2268 15
349 2187 524 2280 παρόντος
545 2199 697 2282 γίνεσθαι
718 2199 907 2280 προθεωρῇ
926 2189 968 2263 τὸ
983 2196 1020 2263 ἐν
1035 2197 1087 2282 τῷ
1101 2199 1263 2283 μέλλοντι
1276 2191 1410 2283 πικρόν,
1433 2213 1657 2284 παραπέμψα-

349 2296 433 2381 μένη
463 2289 505 2363 τὸ
535 2296 660 2365 δοκοῦν
687 2293 772 2364 είναι
798 2289 862 2382 ἡδύ
888 2289 929 2362 τὸ
952 2296 1110 2363 ἐναντίον
1131 2289 1288 2381 πράττει,
1315 2288 1400 2383 ῦπὲρ
1423 2297 1485 2365 τοῦ
1505 2291 1550 2382 μὴ
1571 2291 1657 2381 μετὰ

350 2395 459 2462 ταῦτα
488 2398 627 2482 χαλεπῷ
659 2419 727 2463 τινι
752 2410 956 2480 περιπεσεῖν·
994 2391 1053 2464 ἐὰν
1083 2397 1120 2462 δὲ
1146 2390 1313 2464 ἐπιπόνου
1339 2388 1568 2480 τυγχάνοντος
1595 2397 1657 2462 τοῦ

349 2487 523 2580 παρόντος
544 2487 671 2579 άγαθαί
691 2495 824 2575 ἐλπίδες
846 2496 1069 2579 διαδέχωνται
1091 2489 1132 2562 τό
1154 2487 1363 2580 φαινόμενον
1384 2489 1540 2580 σκληρόν,
1563 2492 1657 2562 ἑκου-

350 2597 433 2672 σίως
463 2585 572 2681 αύτὴν
601 2589 759 2663 ἐπιδώσει
789 2599 832 2680 τῇ
863 2589 1048 2680 τραχύτητι
1078 2596 1142 2662 τοῦ
1170 2586 1334 2676 δόξαντος
1364 2588 1406 2662 άν
1433 2591 1517 2662 εἶναι
1543 2595 1658 2660 δεινοῦ

300 2711 334 2766 20
350 2686 442 2779 παρά
469 2715 571 2775 τισιν,
597 2692 652 2762 ἐπὶ
679 2695 729 2780 τῷ
758 2709 873 2779 τυχεῖν
898 2698 973 2764 τῶν
995 2689 1050 2761 διά
1074 2688 1116 2762 τὸ
1142 2686 1430 2781 ὑπομεμενηκέναι
1456 2695 1565 2762 ταῦτα
1587 2695 1657 2760 δια-

350 2793 543 2878 δεχομένων
563 2795 716 2879 γλυκέων
738 2789 780 2862 τά
802 2787 939 2880 σκληρά.

727 2993 783 3060 Nr.
805 2993 903 3060 XXV.
946 2993 1069 3078 Klagel.
1083 2993 1104 3058 J
1106 3016 1196 3059 erem.
1214 3002 1239 3074 1,
1255 3001 1282 3061 9.

437 3145 546 3210 Ταῦτα
568 3143 604 3209 δὲ
625 3135 753 3222 πάντα,
777 3146 867 3230 φησί,
890 3144 1050 3211 παθοῦσα
1071 3134 1091 3228 ἡ
1116 3138 1373 3230 τροπικούτερον
1393 3145 1582 3229 καλουμένη
1603 3133 1655 3210 Ἱε-

349 3237 522 3328 ρουσαλὴμ
549 3234 626 3310 οῦδὲ
655 3243 719 3308 τοῦ
745 3245 1052 3327 παραμυθουμένου
1078 3233 1279 3328 εδπόρησεν·
1310 3234 1565 3327 άπσστραφείσα
1592 3239 1656 3328 γὰρ

297 3358 331 3410 25
348 3337 413 3408 τὸν
444 3343 480 3410 ἐν
510 3333 596 3426 αύτῇ
626 3333 730 3427 λόγον
760 3345 816 3409 καί
847 3331 909 3428 δλη
942 3345 1005 3411 τοῦ
1030 3335 1166 3420 πάθους
1193 3343 1406 3427 γεγενημένη,
1434 3335 1499 3408 τόν
1523 3337 1656 3430 βοηθὸν

349 3433 560 3520 άπολοίλεκε,
591 3435 657 3507 τὸν
687 3433 736 3508 άεί
765 3437 853 3508 κατὰ
881 3445 956 3509 τοῦν
983 3436 1105 3511 πόνων
1131 3432 1319 3524 δπλίζσντα
1344 3443 1400 3506 καὶ
1424 3441 1499 3508 τῶν
1521 3449 1655 3526 νομιζο-

346 3541 463 3626 μένων
484 3542 608 3608 δεινιῦν
629 3537 694 3626 τὴν
715 3544 949 3625 προσέχουσαι
971 3534 1065 3628 αύτῷ
1087 3533 1249 3609 διάθεσιν.
1285 3539 1338 3606 ἐπί
1358 3533 1496 3618 τούτοις
1510 3531 1545 3606 δ’
1560 3541 1656 3624 ἐμοῦ

347 3641 412 3707 τοῦ
437 3643 583 3707 πολίτου
608 3634 682 3725 τὴν
708 3644 955 3708 ταπείνωσιν
981 3642 1055 3708 ἰ’δε·
1085 3635 1133 3719 ὠς
1161 3633 1204 3707 άν
1230 3641 1322 3725 λέγοι
1348 3633 1507 3725 συγγενὴς
1534 3641 1654 3726 ψυχῆς·

348 3733 389 3806 τὸ
418 3740 482 3807 τοῦ
511 3744 659 3808 πολίτου
688 3765 753 3826 μου
783 3733 912 3820 πάθος,
936 3732 976 3807 δι’
999 3733 1042 3826 ἣν
1073 3734 1255 3826 ἐδιδάχθην
1285 3743 1565 3823 φιλανθρωπίαν.
1592 3733 1654 3826 ἐμή

432 3906 452 3962 θ
470 3905 531 3962 Joh.
549 3908 591 3968 13,
608 3909 633 3962 8.
651 3935 684 3945 -
703 3905 801 3962 41011.
821 3909 860 3972 13,
880 3909 903 3960 7.
921 3937 954 3945 —-
972 3908 989 3962 θ
1007 3907 1068 3962 Joh.
1088 3911 1128 3972 14,
1145 3908 1171 3962 6.
1188 3936 1222 3947 -
1241 3905 1318 3964 1141.
1337 3905 1401 3974 Vgl.
1414 3904 1522 3977 Olymp.
1540 3907 1594 3972 (Gh
1607 3907 1654 3972 111,

346 3993 401 4057 34):
420 3989 448 4048 εί
463 3987 598 4060 ἐμνήσθη,
617 3992 708 4062 φησίν,
729 3985 773 4047 δτι
790 3985 865 4047 ἐστιν
883 3987 1079 4057 ἐνταπόδοσις,
1097 3985 1172 4062 εἶχεν
1192 3983 1336 4060 [uuest]
1355 3984 1457 4058 ἑαυτῆς
1466 3987 1654 4046 ταπεινώσειν

345 4077 397 4144 την
413 4069 618 4147 ὑπερηφανίαν,
634 4070 683 4130 ίνα
700 4077 739 4144 μὴ
758 4073 830 4144 πέση
847 4069 902 4130 ύπδ
920 4077 971 4144 τὴν
988 4077 1134 4148 τιμωρίαν.

415 4228 431 4282 1
455 4225 580 4298 βαλόντα
598 4225 662 4280 Vat.
686 4243 725 4294 gr.
744 4227 854 4292 1153154
880 4224 1022 4299 βάλλοντα
1050 4243 1086 4283 00
1110 4227 1114 4294 1
1141 4227 1158 4282 θ
1184 4225 1444 4297 περιαθρσίσαντας
1471 4225 1550 4280 Βίαεε
1576 4243 1653 4296 περι-

346 4310 482 4383 αθροίσαι
500 4307 638 4377 001τούς
655 4309 699 4364 Gh
716 4317 767 4365 τοῦ
785 4311 939 4378 001θκαί
956 4311 1071 4366 streieht
1087 4310 1166 4364 Βίαεε
1182 4310 1221 4379 18
1244 4309 1303 4380 την]
1326 4315 1367 4365 τῶ
1386 4307 1506 4379 [λτοῦθ]
1525 4307 1653 4377 011Ιῆ

345 4394 428 4464 61η
451 4410 487 4450 00
512 4396 516 4463 1
541 4393 579 4450 14
604 4392 657 4463 μέν
683 4396 816 4466 χρηστοῦ]
846 4393 949 4468 μέχρισ
967 4403 1019 4452 τοῦ
1048 4395 1148 4464 0116
1171 4395 1530 4474 προθεοιρῇ1ιπροθεωρεῖ
1554 4410 1569 4448 ο
1595 4391 1652 4464 πρὸ

343 4481 439 4550 θεωρὴ
463 4497 479 4534 0
502 4479 505 4548 1
530 4477 566 4534 18
592 4477 766 4550 διαδέχονται
793 4476 1007 4551 011θαύτὴν]
1035 4478 1123 4550 αδιην
1149 4497 1186 4535 00
1211 4483 1215 4546 Ι
1238 4478 1413 4546 δοξάσαντος
1430 4479 1466 4547 01
1486 4473 1596 4534 ἀνεῖναι
1613 4493 1629 4531 0
1648 4481 1650 4539 ζ

345 4565 385 4620 20
404 4561 483 4636 παρά
501 4579 574 4620 τισιν
593 4563 637 4618 Gh
655 4564 825 4636 παραίτησιν
843 4565 955 4634 00128
973 4563 1067 4622 πάντα
1086 4567 1163 4637 φησιἹ
1183 4567 1252 4636 φησί
1269 4562 1363 4620 πάντα
1382 4562 1473 4632 0124
1492 4559 1653 4632 ηέπδρησεν

344 4649 438 4717 0146
456 4645 638 4704 ἀπολέλυκεν
658 4645 758 4716 01τδν
776 4649 867 4705 πόνον
885 4651 972 4719 0127
993 4649 1023 4706 δέ
1040 4669 1097 4720 μου
1114 4653 1149 4718 01
1166 4650 1204 4706 28
1222 4645 1262 4705 ίδε
1279 4651 1328 4704 καί
1347 4643 1426 4704 ὼσὰν
1445 4665 1466 4702 α
