3694 5542
678 414 799 472 nomino
815 415 888 472 xlx.
922 417 1074 484 sermm,
1087 417 1162 472 1-7.
1511 422 1568 486 ιον
1676 401 1678 404 ’

268 583 338 650 έστι
352 583 565 667 παραστῆσαι
579 578 620 652 τὸ
635 579 786 670 βούλημα
802 577 941 654 τούτων
956 586 1029 652 τῶν
1044 576 1259 670 γραμμάτων.
1282 585 1337 652 καί
1352 578 1393 669 δή
1409 571 1568 668 ὁμολογῶ

267 675 341 752 κατ’
352 677 551 769 έμαυτῦνμή
562 677 728 752 δύνασθαι
738 676 824 753 αύτά
834 676 1064 770 διηγήσασθαι,
1081 676 1169 752 ἀλλὰ
1179 685 1318 764 δεῖσθαι,
1333 675 1567 769 οῦςπροεῑπον,

266 783 465 868 ἐπιφανείας
491 783 553 867 τῆς
578 776 751 870 δυνάμεως
772 775 890 869 Ἰησοῦ,
916 775 995 850 καθ’
1023 773 1042 852 ῦ
1065 785 1169 868 σοφία
1194 783 1279 864 έστί,
1305 774 1385 851 καθ’
1410 771 1428 849 ῦ
1455 776 1568 868 λόγος,

264 875 343 950 καθ’
359 873 379 952 ῦ
396 874 551 968 ἀλήθεια,
574 882 628 952 ἵνα
644 876 664 969 ή
679 877 860 968 ἐπιφάνεια
881 874 988 952 αῦτοῦ
1002 875 1128 970 ποιήσῃ
1143 885 1219 967 φῶς
1233 883 1287 951 ἐπὶ
1302 883 1366 951 τοῦ
1379 877 1569 968 προσώπου

230 997 247 1051 ⁵
265 985 327 1069 τῆς
349 984 458 1068 ψυχῆς
478 1006 552 1066 μου·

265 1377 369 1466 Πὶχον
390 1385 447 1450 καὶ
469 1380 502 1450 οί
524 1381 678 1450 έπαοιῦοὶ
699 1384 773 1449 τῶν
789 1382 992 1466 Αἰγυπτίων
1013 1374 1167 1465 ῥάβδους,
1190 1374 1252 1460 τὰς
1273 1382 1481 1466 βουλομένας
1504 1373 1568 1465 τήν

214 1491 247 1548 10
264 1484 418 1561 Μωσέως
433 1482 603 1564 διαβαλεῖν
620 1483 675 1549 καὶ
685 1472 921 1567 <τήν>Ἀαρών
936 1472 984 1560 (ῦς
1001 1474 1062 1550 οῦκ
1073 1469 1175 1559 οῦσας
1186 1472 1253 1548 άπὸ
1269 1481 1362 1548 θεοῦ.
1390 1472 1477 1549 ἀλλὰ
1488 1471 1567 1547 άνα-

263 1583 425 1666 τρέπουσι
451 1576 513 1660 τὰς
539 1584 612 1650 τῶν
639 1584 815 1666 σοφιστῶν
840 1584 896 1648 καί
922 1581 1095 1650 έπαοιδῶν
1122 1579 1156 1648 αλ
1178 1572 1246 1648 άπὸ
1268 1581 1366 1648 θεοῦ·
1395 1581 1567 1647 >κατέπιεν

263 1672 368 1758 αῦτάς
394 1670 415 1765 ή
442 1682 506 1747 τοῦ
530 1672 684 1768 Ἀαρώνι
714 1672 809 1766 ήρκει
838 1676 900 1767 γάρ
930 1674 1017 1767 πρὸς
1048 1681 1153 1748 τοῦτο
1185 1671 1269 1765 αύτή
1297 1681 1353 1746 καὶ
1376 1682 1479 1764 χωρίς
1505 1679 1568 1764 τῆς

263 1783 416 1858 Μωσέως
426 1771 560 1864 ῥάβδου.
585 1773 765 1863 »έπάταξει
778 1783 899 1849 τοίνυν
912 1771 1083 1866 »Ἰερεμίαν
1098 1774 1161 1847 τὸν
1171 1770 1374 1864 προφήτην(
1387 1767 1566 1865 ῦΠασχοάρ,

262 1882 317 1946 ιιαλ
338 1874 424 1964 μετὰ
446 1869 568 1964 ήθους·
593 1882 666 1946 »καί
688 1871 855 1961 ἐπάταξεν
868 1871 1024 1965 Ἱερεμίαν
1039 1875 1103 1948 τὸν
1118 1872 1334 1964 προφήτηνι.
1368 1868 1566 1964 πρόσκειται

212 1989 245 2044 15
261 1981 316 2046 καὶ
343 1973 385 2046 τὸ
415 1973 496 2047 »τὸν
522 1972 734 2065 προφήτηνι.
781 1972 905 2048 ἐνθάδε
931 1981 992 2066 μὲν
1019 1967 1081 2049 οῦν
1104 1970 1123 2046 ῦ
1149 1970 1303 2061 πατάξας
1328 1973 1391 2046 τὸν
1412 1967 1584 2070 Ἱερεμίαν,

263 2073 327 2147 τὸν
354 2071 540 2164 προφήτην
569 2071 745 2162 ἐπάταξεν.
800 2072 1050 2165 άναχέχραπται
1081 2081 1116 2147 δὲ
1145 2077 1182 2144 έν
1212 2092 1286 2156 ταῖς
1316 2070 1482 2164 Πράξεσιν
1512 2065 1566 2144 ὅτι

261 2171 411 2260 ἐπάταξέ
431 2203 483 2256 τις
504 2173 568 2247 τὸν
583 2180 723 2248 Παῦλον
744 2170 812 2246 ῦπὸ
834 2167 988 2246 Ἀνανίου
1006 2179 1070 2246 τοῦ
1085 2170 1264 2264 άρχιερέως
1277 2180 1477 2268 κελευσθείς.
1513 2169 1565 2242 διὸ

261 2275 393 2362 εἴρηκεν
421 2267 439 2344 ῦ
466 2279 615 2356 Παῦλος
650 2272 810 2346 »τύπτειν
836 2298 871 2344 σε
898 2279 1011 2364 μέλλει
1036 2267 1054 2344 ὁ
1077 2267 1172 2356 θεός,
1203 2291 1294 2360 τοῖχε
1320 2279 1565 2362 κεκονιαμένει.

260 2379 317 2444 καὶ
337 2378 432 2461 μέχρι
453 2377 516 2444 νῦν
537 2368 604 2444 ύπὸ
620 2371 820 2463 παρανόμου
833 2370 1012 2463 άρχιερέως
1028 2370 1136 2462 λόγου
1150 2369 1442 2462 προστασσόμενοι
1455 2367 1565 2458 ’Πβιω-

177 2484 245 2541 ³07v
261 2491 351 2546 ναῖοι
366 2470 534 2544 τύπτουσι
553 2471 616 2545 τὸν
637 2469 836 2546 ἀπόστολον
846 2466 951 2562 Ἰησοῦ
961 2477 1112 2562 Χριστοῦ
1131 2468 1247 2560 λόγοις
1266 2467 1461 2562 όνσφήμοις.
1483 2475 1486 2560 ί
1509 2476 1565 2542 παλ

261 2567 397 2654 Παῦλός
420 2596 501 2660 φησι
519 2571 607 2659 πρὸς
621 2569 685 2644 τὸν
700 2579 863 2645 τοιοῦτον
879 2567 984 2661 λύγον
1001 2567 1152 2660 άρχιερέα
1166 2570 1208 2643 τὸ
1227 2569 1386 2644 »τύπτειν
1401 2595 1436 2642 σε
1451 2578 1565 2661 μέλλει

261 2664 280 2742 ὁ
295 2669 407 2754 θεύςι.
441 2679 499 2742 καὶ
513 2672 605 2744 ἔστιν
618 2665 636 2742 ύ
651 2677 811 2755 τοιοῦτος
826 2668 995 2762 άρχιερεῦς
1009 2674 1045 2758 ἐξ
1059 2675 1225 2760 ἐπιπολῆς
1240 2666 1366 2760 ιῦρατος
1378 2677 1434 2742 καί
1449 2688 1564 2760 τοίχος

260 2776 507 2860 κεκονιαμένος,
532 2771 677 2844 »ἔσωθεν
698 2778 809 2862 γέμων
831 2765 963 2844 ὀστέων
985 2778 1116 2862 νεκρῶν
1137 2776 1192 2842 καί
1213 2767 1321 2859 πάσης
1336 2765 1563 2860 ἀκαθαρσίας.

348 2877 384 2941 Τί
401 2875 436 2941 δέ
456 2875 545 2958 λέγω
566 2876 642 2960 περὶ
657 2869 795 2944 Παύλου
809 2879 866 2944 καὶ
878 2865 1050 2962 Ἱερεμίου;
1078 2867 1182 2952 αύτῦς
1196 2898 1262 2960 μου
1279 2863 1297 2940 ῦ
1311 2867 1428 2961 κύριος
1441 2865 1564 2960 Ἰησοῦς
1578 2925 1582 2938 .

209 2983 243 3038 25
261 2965 408 3054 Χριστός
430 2991 524 3058 φησι·
550 2968 631 3042 »τὸν
653 2969 770 3043 νῶτόν
791 2999 857 3060 μου
872 2977 1002 3044 δέδωκα
1016 2978 1064 3054 εἰς
1078 2967 1249 3061 μάστιγας,
1272 2968 1334 3052 τὰς
1355 2975 1391 3040 δὲ
1406 2968 1563 3060 σιαγόνας

259 3096 326 3156 μου
346 3074 393 3152 εἰς
415 3070 617 3158 ῥαπίσματα,
640 3070 681 3143 τὸ
700 3076 736 3142 δέ
750 3066 939 3159 πρόσωπόν
952 3098 1019 3160 μου
1036 3065 1097 3143 οῦκ
1113 3065 1308 3159 άπέστρεψα
1324 3064 1391 3142 άπὸ
1407 3067 1564 3159 αἰσχύνης

344 3256 403 3313 917.
423 3255 485 3325 Vgl.
504 3255 626 3323 111047,
640 3257 734 3313 1112.
758 3255 822 3326 Vgl.
840 3255 920 3312 Hom.
932 3259 957 3322 5,
969 3257 985 3311 3
998 3255 1033 3324 (S.
1050 3255 1188 3324 34‚12ffi)‚
1205 3273 1232 3312 u.
1250 3254 1331 3311 Philo
1349 3255 1384 3311 de
1399 3256 1479 3328 migr.
1497 3257 1562 3313 Abr.

259 3339 454 3398 144911-
473 3341 509 3395 11
535 3339 703 3411 7811711οὰ
722 3343 745 3404 7,
765 3341 805 3397 12.
823 3371 856 3380 -
875 3340 911 3397 18
933 3343 988 3395 Act
1004 3341 1045 3408 23,
1064 3342 1087 3396 3.
1106 3371 1139 3381 -
1156 3339 1224 3397 137.
1247 3337 1311 3411 vgl.
1328 3339 1464 3411 Epiphan.
1482 3339 1562 3396 Ηοοε.

259 3423 364 3488 30,16.
383 3425 428 3480 2ὔε
452 3423 523 3498 Περὶ
547 3424 576 3481 δὲ
599 3432 651 3480 τοῦ
676 3419 759 3496 ἁγίου
785 3423 901 3481 Παύλου
931 3420 972 3490 ὥς
992 3429 1225 3497 βλασφημοῦντες
1253 3421 1340 3480 αὐτὸν
1359 3464 1364 3476 .
1380 3465 1411 3479 ..
1434 3424 1563 3496 λέγουσιν

259 3504 346 3564 αὐτὸν
365 3502 489 3577 Ἕλληνα
507 3527 539 3565 τε
560 3501 699 3566 εἶναικαὶ
716 3505 747 3576 έξ
763 3505 857 3566 ἐθνῶν
874 3505 1019 3580 ὑπάρχειν,
1037 3511 1215 3582 προσήλυτον
1232 3508 1262 3566 δὲ
1278 3509 1427 3581 γεγονέναι
1444 3503 1563 3584 ὕστερον

257 3595 315 3647 ιιτλ.
334 3622 367 3631 -
385 3592 423 3648 21
442 3593 503 3647 Aah
515 3595 557 3658 23,
576 3596 599 3650 3
617 3624 651 3634 -
665 3593 706 3650 23
728 3592 790 3663 ng
809 3593 908 3650 Mutua
918 3594 960 3660 23,
972 3595 1005 3648 27
1028 3597 1089 3650 Act.
1107 3595 1148 3661 23,
1161 3596 1185 3650 3.
1203 3623 1236 3634 -
1255 3594 1294 3650 25
1311 3593 1424 3676 λεαιῦθ,
1437 3597 1461 3652 6.

343 3743 416 3799 3-8
435 3741 483 3810 311,
501 3743 592 3799 Zeilen
609 3743 653 3812 (=
670 3760 711 3798 οε.
724 3743 775 3799 125
792 3743 978 3812 Βοσλιείεῦεο)
996 3743 1078 3799 fteier
1094 3743 1185 3798 anum
1203 3741 1232 3797 in
1249 3743 1274 3798 S.
1305 3744 1342 3800 Co
1360 3747 1486 3815 erganzt:
1505 3744 1563 3799 Καὶ

258 3823 360 3895 ἢκουσε
378 3824 506 3900 Πασχὼρ
532 3823 549 3882 ὁ
570 3823 631 3894 υίὸς
650 3823 759 3900 Ἔμμηρ
782 3823 798 3882 ὁ
821 3823 912 3900 ἱερεύς
939 3829 998 3896 (καί
1020 3817 1103 3892 οὗτος
1124 3823 1390 3897 ήνιιαθεοταμένος
1406 3826 1564 3900 ἡγούμενος

258 3906 339 3966 οῦιου
356 3911 465 3983 κυρίου)
481 3918 532 3967 τοῦ
539 3903 676 3984 Ἰερεμίου
693 3918 745 3968 τοῦ
761 3911 993 3984 προφητεύοντος
1008 3911 1075 3978 τοῦς
1091 3911 1193 3983 λόγους
1210 3910 1339 3976 τούτους·
1357 3913 1406 3967 καί
1423 3909 1562 3979 ἐπάταξεν

258 3993 351 4060 αὐτὸν,
378 3997 428 4050 παλ
454 3993 489 4051 τὰ
516 3991 586 4064 ἑξῆς.
622 3994 770 4051 vielleieht
795 3996 862 4050 aber
886 3996 923 4050 ist
949 3995 997 4050 der
1018 3995 1127 4051 Ausfall
1151 3995 1180 4050 in
1206 3995 1352 4052 Wahrheit
1373 3996 1427 4052 viel
1449 4003 1562 4068 gromen

257 4079 323 4134 Man
341 4079 434 4134 warde
452 4081 536 4134 etwas
554 4080 622 4134 fiber
643 4079 696 4134 den
714 4079 894 4134 Untersehied
912 4078 960 4133 der
977 4079 1088 4134 wahren
1106 4079 1203 4147 (βιοῦ
1221 4082 1276 4147 7,1
1300 4081 1337 4135 ist
1354 4084 1447 4136 Aaron
1464 4081 1562 4138 Moses’

256 4165 403 4235 προφήτης
420 4163 476 4234 vgl.
494 4163 576 4219 Philo
594 4164 628 4219 de
646 4164 725 4234 migr.
743 4163 808 4218 Abr.
827 4165 847 4228 I,
865 4163 971 4232 44911)
989 4163 1046 4218 und
1063 4163 1187 4218 salechan
1204 4163 1245 4233 (in
1261 4164 1339 4220 υοᾱῦ.
1357 4165 1391 4220 86
1409 4165 1459 4222 233
1477 4164 1563 4221 ὴείεελ

257 4243 383 4321 Πασχώρ
402 4247 501 4303 λετειπ.
519 4249 560 4316 20,
578 4252 593 4305 1
616 4248 695 4304 nicht
717 4245 818 4321 ἱερεύς,
842 4248 960 4304 sondern
977 4249 1223 4319 ψευδοπροφήτης)
1241 4249 1399 4320 Ρτορὴείεο
1416 4252 1562 4316 εετιετλευ,

256 4333 312 4402 vgl.
330 4331 356 4386 S.
370 4333 426 4398 172,
439 4331 506 4388 2811.
521 4333 526 4400 l
542 4334 581 4389 10
598 4332 716 4402 μωσέως
733 4333 765 4387 S*
782 4332 912 4402 μοῦσέως
929 4333 959 4387 8¹
974 4333 979 4400 1
995 4333 1072 4401 (τὴν)
1091 4331 1169 4386 ΒΙοεε
1184 4333 1188 4400 Ι
1203 4333 1238 4387 12
1257 4329 1344 4398 αὐτὰς
1361 4333 1442 4388 Swrr·
1461 4331 1563 4400 αι’ποῦς

256 4417 287 4472 S*
304 4433 340 4470 π.
353 4433 375 4472 ε.
388 4417 443 4470 sch.
459 4419 464 4486 Ι
483 4421 567 4472 τοῦτο
585 4417 628 4472 Ru
644 4415 736 4472 τούτω
753 4418 771 4473 S
787 4418 791 4486 Ι
806 4415 876 4486 αῦτη
894 4415 981 4472 tho
999 4414 1109 4484 αὐτῆιθ
1124 4417 1128 4484 Ι
1145 4416 1184 4473 13
1200 4414 1336 4485 μωϋσέως
1353 4415 1390 4484 Sl
1408 4416 1445 4474 14
1462 4419 1561 4474 παλλ-

255 4500 412 4572 προφήτην]
427 4509 459 4560 <
472 4501 518 4567 Co,
538 4499 612 4557 wohl
629 4498 721 4556 hemer
734 4503 739 4570 Ι
754 4497 887 4568 ἐπέταξεν
905 4500 938 4555 θ*
957 4496 1097 4566 ἐπάταξεν
1115 4499 1195 4554 soon.
1211 4501 1215 4568 ί
1233 4501 1271 4557 13
1290 4497 1320 4556 έν
1338 4519 1360 4556 τ.
1374 4501 1409 4556 Π.
1422 4495 1466 4556 ὅτι
1483 4501 1561 4556 Βλεεε

255 4579 299 4640 ὅτι
317 4582 347 4640 έν
365 4603 390 4640 τ.
408 4585 443 4640 Π.
462 4585 479 4640 S
494 4585 499 4652 Ι
515 4585 552 4640 21
571 4583 659 4656 λόγου
677 4585 839 4641 Koehschau.
