3694 5542
309 468 368 530 156
680 521 683 532 ,
753 457 892 530 Origenos'
910 459 1172 518 Jeromiahomilien.

310 629 361 712 τῷ
385 625 476 694 ἔθνει
499 618 518 693 5
541 618 634 706 θεός·
656 619 897 712 μετανοήσατε,
919 631 975 694 aea}
998 619 1039 694 ού
1059 621 1276 713 μετενόησαν.
1311 621 1395 711 μετά
1419 623 1459 696 τό
1474 629 1616 706 ἐκείνοις

310 727 464 812 είρήοθαι
486 729 605 808 ταῦτα,
627 729 715 812 λέγει
742 721 856 812 τούτῳ
883 729 946 811 τῷΥ
960 727 1107 814 δευτέρῳ
1130 724 1223 794 ἔθνει
1244 715 1263 792 δ
1287 720 1367 806 θεὸς
1389 725 1433 795 τὰ
1454 731 1531 815 περί
1553 731 1616 796 τοῦ

310 817 604 911 ἀνοικοδομεῑσθαι
627 817 719 893 αύτό.
757 817 819 915 δρᾷ
842 828 877 894 δὲ
900 815 954 893 ότι
975 831 1032 894 καί
1054 828 1158 894 τοῦτο
1182 819 1222 892 τό
1238 823 1341 904 ἔθνος
1355 821 1539 914 ἄνθρωποί
1555 829 1615 895 εἰσι

309 918 489 1010 δυνάμενοι
510 917 615 994 πάλιν
636 921 852 1010 παραπεσεῖν.
882 922 936 992 διὰ
958 927 1064 994 τοῦτο
1082 929 1139 991 καί
1154 920 1268 1012 τούτῳ
1285 917 1416 994 ἀπειλεῖ
1427 929 1484 994 καί
1499 945 1616 1013 φησιν·

273 1033 290 1086 5
308 1025 336 1091 εἰ
358 1028 412 1091 καί
433 1039 601 1110 προεῖπον
624 1019 666 1092 τὰ
687 1029 764 1106 περὶ
786 1027 847 1110 τῆς
869 1027 1049 1112 οἰκοδομῆς
1070 1029 1126 1092 καὶ
1142 1025 1153 1111 5
1169 1022 1212 1092 τὰ
1233 1029 1311 1111 περὶ
1332 1028 1393 1111 τῆς
1406 1020 1617 1109 καταφυτεύ-
1633 1033 1686 1089 246

309 1141 395 1202 σεως
415 1128 471 1191 καί
493 1127 554 1210 τής
576 1130 747 1211 γεωργίας,
770 1129 881 1211 μέλλει
903 1128 944 1193 δὲ’
957 1115 1163 1210 ἁμαρτάνειν
1176 1127 1233 1192 καί
1249 1127 1355 1192 τοῦτο
1371 1125 1411 1191 τὸ
1428 1124 1538 1206 ἔθνος,
1560 1129 1615 1192 καί

309 1217 424 1310 τούτῳ
451 1215 686 1310 ἀμαρτήσαντι
712 1217 911 1311 συμβήσεται
938 1217 1047 1292 ταύτά
1074 1214 1159 1310 άπερ
1184 1225 1314 1309 εἰρηται
1335 1224 1474 1304 ἐκείνοις
1497 1219 1551 1292 διὰ
1573 1220 1616 1292 τὰ

309 1313 544 1409 ἀμορτήματα,
571 1329 627 1392 καὶ
651 1328 827 1392 πείσονται
852 1319 912 1392 ἐόν
926 1322 983 1411 ’μή
1009 1317 1252 1410 μετανοήσωσι.
1299 1325 1413 1392 πᾶσαν
1434 1317 1616 1409 ἐρεύνησον

222 1431 293 1488 30οτ
310 1417 374 1508 τήν
400 1416 557 1509 γραζφήν,
587 1427 644 1490 καί
674 1415 822 1510 εδρήσεις
849 1419 891 1491 τά
918 1433 1060 1492 πλεῖστα
1085 1426 1163 1509 περὶ
1190 1426 1264 1489 τῶν
1290 1416 1350 1490 δύο
1376 1417 1515 1490 τούτων
1541 1424 1616 1489 τῶν

259 1533 291 1588 10
309 1521 425 1590 ἐθνῶν
447 1517 617 1609 λεγόμενα.
652 1523 826 1605 ἐξελέξατο
841 1513 860 1590 ό
876 1519 966 1602 θεὸς,
977 1519 1056 1601 τούς
1070 1525 1229 1608 πατέρας,
1253 1521 1453 1607 ἐπαγγελίαν
1468 1521 1615 1588 δέδωκεν

310 1613 438 1702 αύτοῐς,
469 1617 614 1708 ἐξήγαγεΙ
634 1618 719 1690 λαόν
745 1621 782 1690 ἐκ
809 1625 872 1688 τοῦ
899 1624 1016 1708 γένους
1043 1625 1115 1689 τῶν
1141 1623 1304 1708 πατέρων
1330 1612 1399 1687 ἀπό
1426 1614 1614 1706 Αἰγύπτου,

308 1714 585 1807 ἐμακροθύμησεν
599 1713 651 1790 ἐπ’
668 1715 782 1806 αύτρῐς
797 1713 1058 1808 ἁμαρτάνουσιν,
1080 1711 1412 1798 ἐπαίδευσεν-αύτούς
1427 1712 1475 1800 ῶς
1489 1713 1614 1806 πατήρ.

309 1812 482 1914 εἰσήγαγεν
513 1814 649 1904 αύτούς,
681 1821 807 1890 ἔδωκεν
837 1813 952 1900 αύτοῑς
982 1825 1046 1908 γῆν
1076 1821 1288 1906 ἐπαγγελίας,
1320 1818 1469 1905 ἔπεμφεν
1500 1810 1615 1897 αύτοίς

308 1913 490 2005 προφήτας
511 1916 598 1988 κατὰ
620 1915 770 2003 καιρούς,
797 1922 971 2002 ἐπαίδευσε
996 1925 1053 1988 καὶ
1074 1923 1282 2004 ἐπέστρεφεν
1304 1911 1427 1998 αὐτούς
1450 1911 1518 1987 ἀπό
1541 1921 1614 1986 τῶν

258 2029 290 2085 15
309 2009 569 2105 ἁμαρτημάτων.
606 2014 881 2106 ἐμακροθύμησεν
896 2012 947 2088 ἀεί
961 2023 1108 2106 πέμπων
1123 2015 1204 2099 τούς
1218 2013 1482 2106 θεραπεύοντας,
1503 2020 1615 2104 μέχρις

309 2105 349 2186 ού
373 2118 457 2201 ἔλθη
479 2109 499 2185 5
521 2111 710 2206 ἀρχιατρός,
733 2109 752 2186 ό
775 2123 948 2206 διαφέρων
969 2123 1165 2206 προφητῶν
1185 2112 1376 2205 προφήτης,
1399 2108 1418 2186 δ
1441 2119 1615 2204 διαφέρων

308 2217 438 2302 ἰατρῶν
459 2213 584 2304 ἰατρός.
621 2211 815 2304 ἐληλυθότα
837 2222 965 2288 τοῦτον
985 2220 1190 2308 προίδωκαν
1211 2222 1266 2284 καί
1288 2210 1492 2285 ἀπέκτειναν
1516 2215 1613 2301 »αἶρε

309 2313 397 2401 αίρει
423 2319 580 2401 λέγοντες
605 2309 691 2386 »ἀπὸ
714 2320 775 2405 τής
789 2313 927 2406 γήςτὸν
942 2321 1114 2387 τοιοῦτον·
1137 2312 1293 2405 σταύρου,
1316 2312 1464 2402 σταύρου
1480 2308 1613 2385 αύτόνι.

309 2408 438 2494 εύθέως
460 2405 566 2503 ήλθεν
588 2413 754 2504 ἐπισκοπή
776 2418 832 2487 ἐπὶ
853 2412 895 2485 τό
917 2416 1029 2501 ἔθνος,
1052 2410 1219 2505 ήρημῶθη
1236 2409 1255 2486 5
1271 2411 1379 2496 τόπος
1396 2415 1483 2484 ἔνθα
1497 2409 1612 2484 ἐσταύ-

256 2528 291 2583 20
308 2519 418 2599 ρωταί
439 2541 504 2602 μου
519 2507 538 2584 5
553 2507 684 2604 Ἰησοῦς,
706 2518 880 2601 ἐξελέξατο
896 2509 916 2585 5
931 2513 1013 2596 θεὸς
1034 2513 1121 2588 ἄλλο
1143 2515 1255 2596 ἔθνος.
1292 2508 1324 2585 >5
1340 2509 1497 2601 θερισμός
1512 2505 1612 2602 δρᾶτε

307 2617 383 2692 πῶς
405 2610 513 2694 πολύς
528 2616 629 2694 ἐστιν,
646 2618 674 2685 εί
688 2621 744 2685 καί
763 2617 794 2685 οἱ
810 2609 948 2703 ἐργάται
962 2607 1071 2701 όλίγοι
1086 2619 1166 2686 εἰσίε.
1195 2621 1251 2686 καί
1266 2611 1380 2694 ἄλλως
1394 2617 1430 2683 δέ
1445 2614 1616 2700 οἰκονομεῖ

307 2704 327 2781 ό
350 2709 431 2793 θεός
458 2712 524 2802 τήν
545 2709 695 2804 σαγήνην
717 2709 767 2785 ἀεὶ
789 2708 973 2797 βάλλεσθαι
995 2715 1050 2784 ἐπὶ
1071 2712 1136 2803 τήν
1159 2710 1335 2786 θάλασσαν
1356 2717 1419 2784 τοῦ
1439 2718 1515 2796 βίου
1537 2707 1613 2780 τού-

308 2837 371 2881 του
394 2817 450 2880 καί
472 2809 677 2902 συνάγονται
698 2811 812 2902 ἰχθύες
830 2817 1061 2885 παντοδαποί·
1084 2808 1287 2886 ἀποστέλλει
1304 2811 1403 2893 »τούς
1417 2805 1519 2890 ἀλιεῑς
1534 2807 1614 2890 τούς

306 2909 490 2992 πολλούςι·
513 2906 716 2984 ἀποστέλλει
734 2911 832 2994 »τούς
847 2912 1017 3003 θηρευτὰς
1032 2911 1113 2994 τούς
1126 2909 1309 2995 πολλούςι,
1328 2907 1530 2999 θηρεύουσιν
1545 2903 1613 2979 ἀπὸ

255 3023 289 3077 25
310 3008 458 3092 »παντός
473 3003 603 3098 όρσυςι,
618 3010 821 3101 θηρεύουσιν
836 3005 903 3083 ἀπὸ
922 3011 1071 3094 »παντὸς
1084 3017 1236 3098 βουνοῦι.
1264 3004 1326 3096 ὅρα
1340 3006 1429 3099 πόση
1439 3013 1614 3098 οἰκονομία

306 3115 384 3199 περί
407 3115 468 3200 τής
489 3117 563 3181 τῶν
585 3113 700 3181 ἐθνῶν
722 3116 793 3183 ἐστι
814 3116 991 3197 σωτηρίας.

393 3203 466 3278 »Ἴδε
488 3200 551 3281 οὖν
571 3208 788 3300 χρηστότητα
808 3215 865 3278 καί
887 3203 1081 3300 ἀποτομίαν
1102 3215 1197 3280 θεοῦ·
1219 3213 1274 3280 ἐπὶ
1288 3215 1367 3298 μένι
1387 3206 1427 3278 τό
1442 3203 1613 3297 πρότερον

307 3309 408 3389 ἔθνος
429 3313 485 3378 καί
506 3308 613 3380 πεσόν
637 3306 839 3398 »ἀποτομία,
862 3311 917 3379 ἐπὶ
939 3313 974 3379 δέ
996 3315 1048 3380 oz«
1074 3307 1114 3379 τό
1130 3305 1290 3400 δεύτερον
1304 3310 1406 3389 ἔθνος
1420 3311 1612 3396 ἐπαγγελίαι

306 3412 363 3476 καί
387 3405 602 3498 »χρηστότης
625 3407 685 3478 ἐάν
706 3413 877 3498 ἐπιμείνης
900 3415 942 3497 τῇ
959 3404 1177 3498 χρηστότητι·
1200 3410 1272 3478 ἐπεὶ
1286 3413 1343 3477 καί
1358 3407 1398 3478 σύ
1412 3403 1611 3495 ἐκκοπήσηι.

255 3518 289 3575 30
307 3502 348 3576 ού
378 3505 440 3596 γὰρ
467 3503 488 3596 5
514 3503 610 3598 ἀξίνη
641 3502 723 3578 τότε
747 3505 855 3596 μόνον
885 3507 972 3594 πρὸς
1003 3506 1067 3597 τὴν
1094 3509 1191 3597 ῥίζαν
1217 3511 1291 3577 τῶν
1318 3511 1469 3594 δένδρων
1495 3507 1611 3578 ἔκειτο.

307 3605 423 3694 ἑτοίμη
449 3603 555 3677 πάλιν
581 3611 674 3678 ἐστίν
700 3611 816 3679 ἐλθεῖν
837 3603 858 3696 5
882 3602 990 3696 ἀξίνη·
1020 3602 1076 3696 »ἦι
1107 3611 1142 3676 δὲ
1172 3600 1287 3694 »ἀξίνη
1312 3604 1398 3694 πρὸς
1425 3604 1490 3694 τήν
1516 3607 1612 3692 ῥίζαν

306 3710 381 3774 τῶν
401 3709 555 3792 δένδρων
575 3724 700 3776 κειται»
727 3709 819 3795 ἔλεγέ
839 3734 904 3795 μου
920 3702 938 3777 5
954 3703 1081 3796 Ἰησοῦς
1103 3704 1184 3779 τότε
1205 3702 1436 3794 προφητεύων
1457 3709 1611 3792 περὶτοῦ

220 3824 288 3880 30ον
305 3799 432 3895 Ἰσραήλ
454 3800 534 3896 παρ’
558 3799 599 3876 όν
617 3812 622 3894 Ι
642 3801 662 3895 5
685 3801 781 3894 ἀξίνη
802 3796 854 3894 ήν.
891 3802 992 3886 αύτὸς
1013 3795 1057 3893 ήν
1071 3800 1092 3894 ή
1107 3799 1204 3896 ἀξίνη
1222 3810 1286 3877 τοῦ
1301 3799 1456 3893 ἀκάρπου
1470 3808 1611 3893 δένδρου

304 3910 360 3975 καὶ
383 3907 507 3993 ἔλεγεν·
532 3899 613 3995 »ήδη
636 3901 656 3995 5
679 3899 775 3995 ἀξίνη
796 3903 883 3994 πρὸς
904 3903 969 3993 τήν
990 3905 1086 3992 ῥίζαν
1108 3911 1183 3976 τῶν
1203 3909 1357 3992 δένδρων
1377 3923 1513 3976 κείταιι.
1549 3895 1610 3974 όσα

390 4107 409 4161 4
427 4107 490 4178 ng
509 4107 592 4162 Hebr.
610 4109 634 4172 6,
652 4107 688 4164 6?
706 4137 739 4149 —
758 4108 827 4164 171.
848 4107 910 4178 Vgl.
923 4107 984 4162 Joh.
1001 4107 1042 4172 19,
1061 4110 1102 4164 15.
1119 4106 1144 4161 6.
1162 4137 1195 4148 -
1215 4107 1253 4163 Ῑθ
1273 4106 1335 4177 vgl.
1353 4105 1440 4176 Apok.
1457 4104 1519 4161 Joh.
1535 4107 1573 4166 11,
1586 4106 1610 4160 Β.

304 4221 336 4231 -
356 4191 395 4247 20
419 4191 481 4262 Vgl.
499 4191 599 4248 Matth.
619 4193 643 4256 9,
662 4195 703 4249 37.
721 4223 754 4233 -
773 4193 813 4249 22
838 4192 900 4261 Vgl.
916 4191 1015 4247 Matth.
1033 4193 1073 4259 13,
1094 4195 1136 4246 47.
1158 4223 1192 4232 -
1213 4191 1292 4250 M.
1315 4190 1379 4262 Vgl.
1397 4190 1495 4245 ἐτι-ειη.
1515 4191 1554 4258 16,
1571 4191 1609 4246 16.

305 4305 338 4314 -
356 4274 433 4332 M.
452 4275 516 4346 vgl.
534 4277 611 4332 Rom.
624 4279 664 4342 11,
681 4278 722 4335 22.
744 4277 843 4334 -81.
862 4277 902 4334 ⁸4
921 4276 1061 4343 Matth.3,
1080 4278 1114 4332 10
1143 4276 1210 4330 Luk.
1227 4278 1251 4343 3,
1270 4277 1294 4332 θ.

390 4444 407 4499 8
425 4439 490 4520 δρᾷ]
510 4440 564 4518 δρα
582 4445 655 4513 814
672 4443 772 4518 τοίτφ]
792 4445 872 4499 Suom
891 4451 975 4502 τοῦτο
997 4445 1030 4499 θ*
1045 4445 1050 4514 Ι
1068 4447 1082 4500 1
1102 4440 1190 4500 ταύτὰ
1208 4442 1286 4497 Βίεεε
1304 4442 1358 4511 vgl.
1371 4441 1397 4498 S.
1411 4443 1468 4506 118,
1487 4443 1503 4498 9
1521 4447 1609 4496 ταῦτα

306 4528 343 4595 Sl
361 4528 397 4583 12
416 4521 461 4584 ἐπ’
478 4530 556 4584 Βίεεε
574 4525 605 4584 ἐν
623 4530 660 4598 81
677 4530 716 4586 14
733 4527 907 4602 ἐπέστρεψεν
922 4530 965 4584 Gh
982 4526 1156 4601 ἐπέστρεφεν
1174 4527 1191 4582 S
1206 4529 1210 4594 Ι
1228 4528 1265 4584 16
1283 4523 1436 4597 ἀρχιατρδς
1454 4525 1498 4580 Gh
1515 4522 1610 4596 ἀρχιη-

305 4610 373 4684 τρὸς
390 4611 483 4680 81⁸0
499 4613 592 4682 μόνον
609 4612 697 4669 tho
714 4611 767 4681 μὲν
785 4613 874 4682 8181
893 4612 910 4682 ἡ
929 4611 1030 4684 ἀξ(ίνη)
1048 4631 1072 4668 a.
1090 4614 1121 4668 R.
1140 4613 1171 4666 S¹
1189 4631 1222 4666 w.
1235 4628 1259 4666 e.
1271 4611 1326 4665 sch.
