3768 5544
663 493 783 550 Romilio
800 459 860 550 Vl1.
894 495 993 550 Jerem.
1011 498 1035 561 5,
1055 495 1096 550 18.
1113 496 1154 552 19.
1522 500 1561 564 53

255 656 430 748 τετάρτας.
482 657 524 732 τὸ
560 656 623 748 γάρ
663 655 867 748 »προσθήσω
901 657 1033 748 πληγάς
1069 655 1172 730 ἐπτάι
1206 651 1348 728 δτίποτε
1376 655 1561 748 μυστήριον

255 763 355 849 δηλοῖ
373 765 450 849 μιᾶς
470 765 603 847 πληγῆς
624 763 798 848 γινομένης
820 765 876 828 καλ
898 763 1054 848 δευτέρας
1074 763 1130 828 καὶ
1151 765 1267 846 τρίτης
1281 763 1375 846 μέχρι
1390 765 1462 830 τῶν
1478 761 1561 848 εἰρη-

253 864 368 945 μένων
390 856 477 930 ἑπτά
499 862 554 929 ἐπί
576 885 680 942 τινας.
717 853 758 928 ού
778 854 906 941 πάντες
927 863 963 928 δέ
985 855 1070 929 ἑπτά
1092 857 1222 947 πληγάς
1243 854 1464 946 πλήσσονται·
1487 855 1561 930 ἀλλ’

254 958 347 1049 οἶμαί
368 987 466 1042 τινας
487 955 722 1048 πληγήσεσθαι
742 956 875 1046 πληγὰς
897 960 940 1044 ἐξ,
963 956 1088 1040 ἄλλους
1108 964 1221 1042 πέντε,
1245 957 1369 1041 ἄλλους
1390 965 1560 1044 τέσσαρας,

220 1057 379 1142 5άλλους
406 1078 496 1148 τρεῖς
526 1053 578 1148 <ή>
607 1055 681 1142 δύο,
714 1057 793 1140 τούς
818 1064 853 1129 δὲ
875 1054 1020 1130 πάντων
1041 1054 1304 1147 ὑποδεεστέρους
1325 1061 1363 1130 ἐν
1384 1054 1562 1132 κολάσεσιν

253 1157 386 1248 πληγήν
408 1167 536 1248 νομίζω
557 1155 789 1247 πληγήσεσθαι
809 1163 897 1248 μίαν.
933 1159 1024 1230 οἶδεν
1046 1149 1108 1228 ούν
1129 1151 1149 1228 δ
1171 1155 1253 1240 θεὸς
1267 1166 1323 1228 καὶ
1338 1156 1380 1228 τά
1394 1165 1470 1248 περὶ
1485 1166 1560 1230 τῶν

253 1264 404 1347 πληγῶν.
441 1257 493 1331 διὸ
516 1264 700 1348 γέγραπται
722 1255 846 1330 ἐνθάδε
861 1262 872 1348 ΙΙ
888 1257 976 1329 κατά
998 1256 1062 1347 τήν
1084 1253 1191 1346 άρχὴν
1205 1263 1269 1328 τοῦ
1283 1253 1559 1348 άναγνώσματος·
1581 1273 1632 1330 168

256 1365 328 1429 »καὶ
352 1361 445 1431 ἔσται
467 1362 504 1430 ἐν
527 1377 600 1441 ταις
622 1353 759 1447 ήμέραις
781 1362 957 1442 ἐκείναιςι,
984 1375 1058 1440 ταῖς
1079 1363 1155 1446 περὶ
1178 1364 1251 1429 τῶν
1273 1365 1470 1448 εἰρημένων,
1501 1355 1560 1431 »ού

252 1457 296 1548 μή
322 1456 457 1548 ποιήσω
483 1454 569 1548 δμᾶς
595 1464 641 1540 εἰς
663 1462 889 1530 συντέλειανι.
925 1453 998 1530 ἄλλ’
1021 1453 1083 1527 ούκ
1105 1461 1142 1528 ἐν
1165 1477 1238 1539 ταῖς
1260 1453 1394 1548 ἡμέραις
1417 1463 1558 1541 ἐκείναις

203 1573 235 1626 10
252 1565 437 1630 συντέλεια·
448 1555 603 1647 είσλνγάρ
614 1585 702 1640 τινες
712 1553 838 1648 ἡμέραι,
848 1549 908 1629 άτε
916 1555 1050 1648 ποιήσει
1059 1552 1117 1640 οδς
1126 1555 1258 1646 ποιήσει
1268 1561 1345 1646 (εἰς)
1357 1565 1558 1631 συντέλειαν.

335 1669 361 1730 3.
388 1665 471 1729 »Καὶ
501 1662 594 1730 ἐσται
612 1651 698 1730 ὅταν
721 1660 848 1746 εἴπητε·
871 1663 966 1738 τίνος
988 1659 1101 1728 ἕνεκεν
1123 1661 1278 1745 ἐποίησεν
1298 1656 1415 1746 κύριος
1435 1653 1455 1731 δ
1477 1655 1560 1743 θεὸς

252 1753 329 1847 ἡμῖν
352 1751 487 1828 άπαντα
509 1757 553 1828 τά
574 1757 661 1829 κακά
683 1763 807 1842 ταῦτα,·
827 1763 883 1828 καὶ
905 1761 990 1845 ἐρεῖς
1004 1753 1133 1838 αύτοῑς·
1156 1752 1236 1828 ἀνθ’
1257 1748 1308 1828 ούν
1323 1762 1561 1846 ἐγκατελίπετέ

250 1885 289 1947 με
318 1865 373 1928 καὶ
395 1855 612 1930 ἐδουλεύσατε
634 1865 729 1940 θεοῖς
751 1859 878 1944 ἑτέροις
899 1859 936 1928 ἐν
958 1863 1001 1946 τῇ
1022 1864 1064 1945 γῇ
1085 1852 1196 1946 ὑμῶν,
1230 1850 1340 1939 ούτως
1361 1857 1557 1932 δουλεύσετε

251 1961 288 2029 ἐν
316 1963 357 2046 γῇ
384 1953 445 2046 ούχ
465 1953 592 2047 ύμῶνι.
635 1954 675 2028 τὸ
698 1954 805 2046 ῥητὸν
827 1954 1002 2046 νοηθήτω,
1033 1964 1090 2026 καὶ
1109 1953 1204 2044 άρκεῑ
1223 1959 1278 2027 ἐπὶ
1291 1951 1364 2028 ’τοῦ
1384 1953 1558 2046 παρόντος

166 2071 234 2129 2371
250 2056 316 2146 τήν
342 2051 532 2146 ὑπόμνησιν
558 2075 631 2139 τοῖς
657 2053 793 2128 ἀκούειν
815 2065 820 2140 Ι
844 2061 1040 2145 δυναμένοις
1066 2059 1103 2128 ἐκ
1125 2061 1188 2127 τοῦ
1209 2055 1316 2146 ῥητοῦ
1336 2063 1557 2147 παραστῆσαι.

251 2153 376 2228 οδκούν
398 2159 430 2228 01
452 2159 517 2228 υἱοὶ
539 2151 665 2246 Ἰσραὴλ
688 2154 753 2246 τήν
774 2151 872 2244 άγίαν
893 2162 965 2246 γῆν,
988 2154 1052 2228 τὸν
1075 2154 1160 2227 ναὸν
1179 2157 1280 2244 εἶχον,
1303 2155 1368 2227 τὸν
1383 2159 1479 2228 οίκον
1494 2164 1556 2248 τῆς

250 2261 444 2346 προσευλῆς-
487 2258 553 2327 ἔδει
581 2252 705 2339 αύτούς
731 2253 907 2346 λατρεύειν
933 2262 984 2345 τῷ
1011 2261 1093 2346 θεῷ.
1135 2263 1405 2344 παραβαίνοντες
1433 2259 1557 2340 δὲτὰς

250 2363 346 2437 θείας
372 2353 514 2439 ἐντολάς
540 2363 595 2427 καὶ
622 2352 893 2445 είδωλολάτρουν
917 2361 973 2426 καλ
1001 2352 1043 2425 τά
1069 2359 1192 2426 εἴδωλα
1213 2352 1474 2444 παρελάμβανον
1495 2364 1555 2429 Δα-

248 2461 390 2543 μασκοῦ,
423 2452 471 2538 οδς
492 2461 677 2546 γέγραπται
699 2459 830 2538 ἐντοῖς
854 2461 1056 2538 Βασιλείαις,
1081 2462 1137 2526 καὶ
1160 2452 1246 2525 ἄλλα
1268 2457 1392 2526 εἴδωλα
1413 2451 1553 2547 άνελάμ·

197 2577 232 2632 20
249 2565 353 2641 βανον
383 2561 457 2625 τῶν
487 2558 603 2627 ἐθνῶν
633 2560 681 2638 είς
716 2551 780 2643 τήν
810 2550 908 2642 άγίαν
938 2560 1010 2644 γῆν.
1052 2549 1093 2624 δι’
1121 2545 1173 2624 ὦν
1194 2551 1454 2644 παρελάμβανον
1480 2562 1555 2628 τῶν

249 2658 365 2726 ἐθνῶν
393 2653 562 2738 εἰδώλων,
591 2650 706 2738 άξίους
727 2653 867 2737 ἐαυτοδς
888 2658 1027 2726 ἐποίουν
1047 2659 1304 2742 καταβληθῆναι
1326 2660 1372 2736 εἰς
1394 2653 1458 2744 τήν
1481 2663 1554 2727 τῶν

249 2753 403 2825 είδάλων
422 2759 494 2844 γῆν,
516 2760 762 2843 καταγενέσθαι
776 2757 851 2837 ἐκεῖ,
874 2746 964 2825 ὅπου
977 2749 1209 2840 προσεκύνουν
1224 2750 1267 2822 τά
1282 2755 1414 2824 εἴδωλα
1451 2761 1554 2843 φησὶν

249 2846 311 2925 οὖν
337 2849 357 2925 δ
383 2851 485 2942 λόγος
511 2851 630 2937 αύτοις
654 2853 742 2925 κατά
770 2851 811 2925 τὸ
837 2848 955 2942 ῥητόν·
989 2847 1085 2924 »ἄνθ’
1110 2843 1161 2922 ὥν
1183 2855 1419 2938 έγκατελίπετέ
1437 2881 1476 2940 με
1499 2862 1555 2927 καὶ

247 2951 466 3025 ἐδουλεύσατε
488 2963 584 3037 θεοῖς
608 2949 804 3042 άλλοτρίοις
825 2957 861 3023 ἐν
883 2959 926 3040 τῇ
941 2959 982 3041 γῇ
996 2948 1101 3042 ύμῶν,
1124 2944 1235 3035 οὕτως
1250 2948 1446 3023 δουλεύσετε
1460 2963 1555 3038 θεοῖς

195 3073 228 3128 25
246 3050 440 3143 άλλοτρίοις
462 3057 500 3124 ἐν
522 3059 563 3142 γή
581 3049 642 3141 σύγ
665 3050 790 3142 ύμῶνι.
825 3058 892 3136 πᾶς
913 3058 1090 3123 θεοποιῶν
1113 3079 1146 3122 τι
1168 3049 1317 3123 δουλεύει
1337 3061 1433 3135 θεοῖς
1454 3048 1553 3124 άλλο-

248 3161 362 3244 τρίοις.
404 3149 589 3239 ἐκθειάζεις
617 3153 659 3225 τά
687 3152 849 3242 βρώματα
874 3158 930 3223 καὶ
957 3150 999 3222 τά
1025 3147 1177 3241 πόματα;
1207 3147 1289 3234 θεός
1316 3149 1378 3221 σού
1398 3155 1490 3224 ἐστιν
1514 3149 1553 3243 »ἦ

244 3261 385 3324 κοιλίαι.
428 3257 527 3345 τιμᾷς
551 3252 593 3325 τὸ
620 3249 780 3343 άργύριον
805 3249 854 3335 αδς
878 3258 960 3341 μέγα
988 3247 1120 3339 άγαθδν
1145 3257 1202 3322 καὶ
1228 3249 1291 3321 τὸν
1312 3256 1467 3324 πλοῦτον
1488 3250 1552 3324 τὸν

245 3350 359 3437 κάτω,·
389 3348 470 3435 θεός
500 3351 562 3423 σού
591 3357 684 3424 ἐστιν
716 3345 734 3423 δ
765 3357 926 3441 μαμωνάς
956 3358 1011 3422 καὶ
1041 3347 1164 3439 κύριος.
1210 3345 1332 3440 Ἰησοῦς
1357 3349 1419 3438 γάρ
1446 3348 1552 3424 αύτδν

246 3453 338 3524 είπεν
353 3449 471 3540 κύριον
486 3459 561 3524 τῶν
578 3450 796 3541 φιλαργύρων
811 3447 967 3539 φάσκων·
985 3446 1046 3521 »ού
1060 3448 1207 3522 δύνασθε
1221 3457 1295 3540 θεῷ
1311 3449 1484 3523 δουλεύειν
1497 3461 1553 3525 καὶ

194 3571 228 3626 30
244 3557 398 3644 μαμωνᾷ·
429 3547 537 3633 ούδελς
565 3549 706 3624 δύναται
736 3556 830 3621 δυσίν
857 3555 985 3637 κυρίοις
1011 3547 1211 3622 δσυλεύεινι.
1254 3546 1380 3622 ούκοῦν
1402 3545 1421 3622 δ
1443 3558 1554 3640 τιμῶν

246 3650 287 3723 τὸ
313 3647 473 3740 άργύριον
498 3657 554 3722 καὶ
577 3649 764 3740 θαυμάζων
785 3653 849 3723 τὸν
870 3656 1024 3721 πλοῦτον
1044 3657 1101 3720 καὶ
1123 3656 1270 3738 νομίζων
1291 3646 1425 3738 άγαθδν
1445 3647 1553 3722 αύτδν

246 3751 331 3823 εἶναι
359 3755 415 3821 καὶ
443 3745 691 3839 ἀποδεχόμενος
717 3749 798 3833 τοδς
824 3757 1005 3830 πλουσίους
1027 3745 1076 3832 ως
1096 3747 1211 3834 θεούς,
1243 3749 1324 3832 τούς
1345 3755 1381 3820 δέ
1403 3757 1552 3840 πένητας

246 3847 295 3934 οδς
315 3849 360 3940 μή
382 3851 521 3937 ἐχοντας
543 3848 607 3921 τὸν
629 3850 713 3922 θεὸν
734 3847 852 3920 αὐτῶν
873 3854 1076 3936 ἐξουθενιόν,
1098 3839 1200 3930 οὗτος
1221 3857 1378 3920 θεοποιεῑ
1397 3847 1437 3920 τὸ
1454 3846 1550 3939 άργύ

245 3977 328 4038 ριον.
363 3947 422 4021 ἐάν
444 3979 495 4034 τις
517 3954 555 4021 ἐν
575 3957 618 4039 τῇ
639 3957 681 4039 γῇ
701 3957 763 4021 τοῦ
778 3957 871 4034 θεοῦ,
894 3957 937 4038 τῇ
952 3953 1118 4039 ἐκκλησίᾳ,
1141 3945 1320 4037 τυγχάνων
1333 3946 1549 4040 προσκυνήση

194 4067 227 4123 35
245 4060 339 4132 θεοῖς
365 4045 558 4138 άλλοτρίσις
585 4057 761 4121 θεοποιῶν
788 4047 830 4120 τὰ
857 4047 902 4138 μή
930 4057 1166 4121 θεοποιεῑοθαι
1194 4049 1278 4136 ἄξια,
1305 4047 1549 4140 ἐκβληθήσεται

330 4237 345 4292 1
359 4235 423 4291 Lev.
436 4237 477 4300 26,
489 4237 531 4292 21.
540 4269 574 4278 —
586 4235 731 4307 11vgl.11
742 4237 811 4291 Κδο.
822 4239 862 4303 16,
873 4235 1167 4307 101-21131121111.
1179 4235 1348 4300 3‚19.—21
1359 4233 1459 4291 Μείίλι.
1470 4239 1495 4306 6,
1507 4239 1548 4294 24.

327 4419 346 4476 6
365 4417 409 4491 (ἢ)
428 4421 465 4476 Co
485 4423 490 4491 1
512 4421 548 4476 10
565 4418 605 4488 εἰς
624 4421 703 4477 Βλαεε
723 4423 727 4489 1
749 4421 787 4477 16
805 4418 977 4491 δουλεύσετε]
995 4427 1028 4486 «1-
1042 4416 1193 4494 άλλοτρίας
1211 4419 1269 4490 [εἰσ]
1289 4419 1339 4484 οος
1358 4419 1430 4474 doeh
1446 4425 1549 4478 maante

244 4519 308 4559 man
324 4507 396 4560 nach
413 4507 439 4560 Z.
452 4509 485 4563 24
503 4510 584 4574 θεοῖς
601 4504 761 4574 ἀλλοτρίοις
777 4505 915 4576 εἰοέῠρειι,
933 4523 1014 4560 wenn
1025 4505 1179 4576 uberhaupt
1194 4523 1227 4559 zu
1243 4503 1347 4559 andern
1358 4503 1396 4558 ist
1414 4505 1419 4573 Ι
1439 4507 1475 4561 15
1492 4513 1548 4574 πᾶς

243 4591 388 4645 θεοποιῶν
409 4591 466 4661 vgl.
479 4591 505 4648 Z.
519 4593 552 4648 35
575 4598 633 4659 πᾶς
648 4590 679 4648 δέ
697 4585 713 4646 δ
732 4591 854 4647 ποιῶνθ
871 4597 928 4656 πᾶς
944 4588 975 4646 δὲ
993 4586 1009 4644 δ
1026 4593 1173 4646 θεοποιῶν
1185 4589 1223 4645 οο
1242 4591 1247 4657 Ι
1267 4588 1307 4646 64
1324 4591 1505 4662 πρασκννήαρ
1522 4591 1548 4646 V

243 4676 433 4745 προσκυνήσει
450 4678 475 4733 S.
