3694 5542
332 489 392 554 228
777 480 917 553 Origenes·
934 483 1193 538 Jsrsmiohomiiiom

330 653 416 718 κοῦν
446 642 467 736 ἦ
496 644 590 735 χάρις
616 651 680 716 τοῦ
705 650 790 715 θεοῦ
816 643 950 735 εἰρήνης
975 652 1125 735 γέννημα
1146 641 1356 734 τυγχάνουσα
1377 653 1562 736 προσφέρει
1584 655 1635 738 τῷ

331 751 369 816 έν
391 754 525 836 φυλακῇ
546 743 709 835 προφήτῃ
731 742 796 816 τὸν
815 749 904 816 ἰ’διον
926 741 1031 834 ἀγρόν
1052 742 1141 815 κατὰ
1161 743 1362 836 πρόσταγμα
1384 751 1447 818 τοῦ
1468 753 1561 819 θεοῦ.

670 947 726 1017 Nr.
747 948 825 1015 LXI.
866 949 981 1016 Jerem.
997 954 1046 1030 39,
1062 955 1109 1016 10.
1125 957 1172 1016 11.
1189 955 1236 1016 14.
1253 957 1299 1019 16.

413 1101 498 1187 1140)
528 1087 636 1178 Ούτος
668 1112 759 1166 ποιεί
782 1101 938 1181 βιβλίον
960 1092 1150 1186 κτήσεως,
1178 1089 1263 1185 όπερ
1285 1099 1366 1178 ἰ’σως
1388 1101 1481 1168 ἐστίν
1502 1101 1535 1167 αί
1556 1094 1633 1188 νοή-

293 1211 405 1282 ῠσεις,
429 1200 463 1268 αί
483 1201 621 1286 μνῆμαι,
645 1193 688 1266 τά
710 1190 874 1283 δόγματα,
902 1189 943 1266 δι’
967 1185 1019 1266 ὦν
1038 1192 1232 1284 κεκτήμεθα
1254 1193 1319 1266 τὸν
1340 1191 1455 1283 άγρόν,
1478 1203 1634 1269 τουτέστι

330 1303 391 1387 τῆς
412 1302 587 1376 πολιτείας
609 1295 689 1378 τούς
711 1291 847 1376 πόνους.
884 1298 936 1364 δεί
954 1293 1016 1382 γὰρ
1039 1291 1102 1364 τόν
1122 1291 1300 1381 πράξοντα
1322 1292 1537 1384 δικαιοσύνην
1551 1325 1634 1386 προ-

329 1401 453 1468 ειδέναι
483 1403 560 1486 περὶ
592 1392 822 1482 δικαιοσύνης,
850 1385 934 1482 ὅπερ
958 1397 1110 1482 λεγέσθω
1132 1400 1286 1483 καὶπερὶ
1308 1400 1383 1464 τῶν
1405 1402 1539 1467 λοιπῶν
1560 1392 1633 1485 ἀρε·

329 1503 411 1568 τῶν.
454 1501 627 1584 φροντίζει
664 1499 699 1564 δέ
735 1491 817 1575 θεὸς
852 1497 889 1564 έν
926 1489 1069 1582 ἀγγείῳ
1106 1490 1147 1564 τό
1182 1501 1314 1578 βιβλίον
1349 1501 1518 1585 βληθῆναι
1548 1493 1634 1584 πρὸς

329 1593 523 1685 διαμονὴν
545 1601 722 1666 πλείονα.
761 1594 914 1681 ι’έχομενι
939 1591 1002 1681 γὰρ
1029 1590 1110 1664 »τὸν
1129 1591 1304 1682 θησαυρόν
1319 1599 1446 1666 τοῦτον
1461 1599 1498 1666 έν
1514 1590 1633 1684 δστρα-

278 1707 311 1761 10
327 1704 434 1778 κίνοις
456 1693 639 1776 σκεύεσινι,
663 1688 684 1781 ή
700 1713 772 1775 τοῖς
787 1689 959 1782 ἡμετέροις
975 1687 1128 1781 ἀγγείοις,
1145 1687 1166 1782 ἢ
1182 1700 1233 1784 τῷ
1249 1688 1378 1765 εύτελελ
1392 1699 1452 1784 τῆς
1467 1701 1632 1786 γραφικῆς

327 1803 456 1884 λέξεως.
499 1791 584 1866 ὅθεν
607 1787 626 1863 δ
649 1791 778 1880 »ἄρχων
805 1787 976 1881 ήπάτηται
1003 1797 1067 1862 τοῦ
1091 1789 1220 1878 κόσμου
1247 1791 1394 1876 τούτου,
1416 1790 1631 1882 καταφρονή-

327 1921 385 1978 σας
414 1899 478 1966 τοῦ
506 1889 611 1982 λόγου
641 1898 702 1981 τῆς
729 1899 937 1978 θεοσεβείας,
969 1895 1039 1961 ἐπεὶ
1064 1891 1110 1982 μή
1137 1883 1181 1980 ήν
1206 1895 1243 1961 έν
1268 1909 1403 1980 χρυσοῖς
1431 1891 1559 1963 σκεύεσι
1580 1920 1632 1962 κε-

325 1999 619 2082 καλλωπισμένοις
650 1999 735 2078 λέξει
765 1997 821 2061 καὶ
850 1987 1061 2079 πιθανότητι
1090 1988 1256 2078 φράσεως·
1288 1989 1340 2063 διὸ
1361 1998 1417 2061 καί
1439 1999 1575 2076 πλείους
1596 1988 1631 2081 ή-

324 2099 425 2183 μέρας
461 2099 629 2181 διέμεινεν.
674 2085 711 2161 ιδ
747 2087 866 2178 λόγος(
899 2088 963 2178 γὰρ
996 2099 1069 2162 »καί
1100 2089 1140 2161 τὸ
1170 2086 1319 2180 κήρυγμά
1347 2119 1447 2179 pov«,
1479 2099 1582 2181 φησίν
1611 2085 1630 2161 ό

275 2205 307 2255 15
325 2197 412 2282 ἔχων
439 2189 480 2262 τό
507 2198 637 2276 βιβλίον
663 2197 724 2280 τῆς
749 2187 913 2279 κτήσεως,
949 2186 1028 2260 »ούκ
1054 2195 1092 2260 έν
1117 2199 1235 2261 πειθοῖ
1259 2196 1380 2276 σοφίας
1406 2185 1534 2278 λόγοις,
1557 2185 1630 2260 ἀλλ’

324 2296 361 2364 έν
391 2288 557 2378 ἀποδείξει
587 2289 778 2379 πνεύματος
809 2297 865 2360 καὶ
901 2285 1102 2377 δυνάμεωςι.
1152 2287 1192 2360 τό
1223 2293 1391 2360 ένταλθὲν
1420 2295 1456 2360 δὲ
1486 2287 1631 2378 ποιήσας

322 2389 475 2482 Ἱερεμίας
511 2385 698 2479 εὐχαριστεῖ
726 2397 777 2480 τῷ
808 2395 888 2479 θεῷ.
937 2382 999 2478 δρα
1030 2393 1066 2458 δέ
1092 2387 1158 2478 τήν
1183 2383 1340 2477 ύπακσίγν
1363 2395 1425 2459 τοῦ
1445 2386 1629 2478 προφήτου

323 2491 391 2581 πρὸ
422 2497 486 2563 τοῦ
516 2495 725 2577 φαινομένου
755 2496 998 2578 συμφέροντος,
1030 2481 1114 2576 ὅπερ
1144 2485 1269 2577 ἐπάγει,
1299 2495 1544 2578 προθεσπίζων
1569 2493 1630 2578 τῆς

324 2598 384 2682 γῆς
411 2590 476 2680 τήν
502 2585 695 2680 ἀνάκτησιν.
739 2586 759 2680 ή
786 2589 848 2678 γάρ
871 2583 912 2659 δι’
936 2592 1045 2678 ἔργων
1064 2594 1257 2678 προφητεία
1280 2584 1320 2657 τὸ
1342 2583 1512 2658 ἀκουστὸν
1534 2595 1629 2658 καθί-

272 2705 305 2756 10
324 2713 442 2780 οτησιν
472 2683 600 2778 δρατὸν
630 2695 685 2760 καὶ
716 2687 757 2760 τό
788 2695 913 2778 μέλλον
941 2691 1045 2760 οίονεὶ
1072 2685 1197 2776 παρόν,
1228 2690 1265 2757 ἐν
1292 2693 1342 2777 τῷ
1370 2692 1460 2775 με’ρει
1483 2691 1630 2776 δηλοῦσα

322 2789 362 2860 τὸ
385 2783 479 2860 δλον.

750 2907 806 2974 Nr.
827 2907 921 2975 LXII.
963 2908 1141 2988 „tenentos
1158 2915 1204 2975 17.

403 3061 488 3144 1141)
514 3050 561 3123 Ού
581 3051 734 3126 πιθανόν
754 3051 817 3124 τόν
831 3050 1015 3143 προφήτην
1030 3051 1202 3142 τοσαύτην
1217 3049 1429 3142 εῦχαριστίαν
1442 3051 1626 3142 προσάγειν

319 3161 374 3228 ἐπὶ
410 3160 461 3244 τῷ
500 3160 596 3225 »δέκα
626 3161 681 3225 καὶ
712 3151 798 3224 ἑπτά
831 3161 975 3224 σίκλων<
1004 3157 1188 3242 ἐωνημένῳ
1222 3161 1352 3242 χωρίῳ,
1379 3153 1444 3225 τόν
1478 3156 1531 3223 ’έκ
1566 3151 1625 3242 μή·

269 3279 301 3330 25
320 3283 402 3344 τρας
424 3250 643 3341 άγιασθένται
668 3261 722 3324 καὶ
747 3261 846 3324 θείου
866 3251 1059 3341 πνεύματος
1079 3249 1276 3340 ῦπάρχοντα
1297 3250 1420 3342 πλήρη.
1463 3247 1538 3324 ἀλλ’
1561 3245 1624 3339 ὅρα

319 3353 383 3426 τὸν
418 3351 622 3438 σαββατικὸν
657 3349 804 3443 ἀριθμὸν
839 3351 880 3423 τὸ
913 3357 974 3441 τῆς
1008 3346 1229 3433 ἀναπαύσεως
1259 3350 1436 3441 σύμβολον,
1471 3357 1528 3421 καί
1557 3350 1623 3422 τόν

319 3459 399 3524 δέκα
423 3458 557 3523 τέλειον
579 3445 663 3522 όντα
685 3459 739 3524 καὶ
762 3457 888 3523 οίκεῑον
910 3455 995 3521 θεοῦ
1016 3449 1166 3539 (δεκάται
1188 3452 1250 3542 γάρ
1273 3455 1311 3522 ἐν
1334 3459 1376 3540 τῇ
1400 3447 1523 3539 δεκάτη
1548 3459 1621 3522 τῶν

316 3557 469 3642 ἱλασμῶν
490 3547 731 3639 ἀναφέρονται,
753 3558 807 3621 καί
826 3547 1008 3641 δεκάλογος
1030 3547 1050 3640 ή
1070 3550 1192 3640 πρώτη
1209 3556 1413 3640 νομοθεσία),
1434 3557 1491 3621 καί
1505 3552 1620 3640 γναόση

397 3739 457 3796 211
470 3739 534 3793 Kor.
546 3741 570 3807 5,
584 3741 607 3792 7.
626 3767 659 3778 -
678 3738 714 3794 ll
737 3736 797 3806 vgt
811 3736 873 3791 Joh.
885 3740 926 3804 14,
938 3739 980 3794 30.
997 3767 1029 3776 -
1050 3737 1119 3796 141.
1136 3737 1224 3792 IKor.
1242 3739 1266 3802 2,
1279 3740 1304 3792 4.
1322 3767 1355 3777 -
1375 3738 1451 3796 1711.
1469 3737 1533 3808 Vgl.
1545 3737 1619 3794 Hier.

313 3823 522 3880 Comm1080?
549 3855 580 3862 -
607 3823 647 3879 21
665 3822 729 3892 vgl.
748 3821 846 3876 Jsrem.
864 3823 905 3889 39,
923 3824 948 3877 9.
970 3851 1003 3860 -
1026 3822 1091 3893 vgl.
1108 3821 1206 3877 Jsrsm.
1226 3826 1248 3887 1,
1267 3825 1291 3878 5.
1313 3851 1347 3860 -
1370 3824 1444 3882 2511.
1463 3822 1526 3892 Vgl.
1545 3821 1618 3879 Hier.

311 3907 414 3962 Comm.
434 3909 512 3964 1081:
534 3907 682 3962 Denarium
706 3924 764 3961 esse
786 3907 931 3977 mysticum
949 3923 1100 3972 numerum,
1119 3905 1240 3960 ostendit
1258 3905 1413 3976 Dsoologus
1514 3910 1543 3962 ot
1559 3905 1618 3962 dios

306 3991 406 4062 jejunii
428 3994 456 4046 ot
477 3989 679 4062 propitiationis
697 3992 797 4046 mensis
814 3990 930 4062 septimi.
957 3993 1067 4060 Septem
1085 4008 1194 4060 quoquo
1295 4007 1355 4046 osso
1372 3995 1505 4059 sonetum,
1523 3991 1617 4046 multis

309 4077 509 4146 scripturarum
520 4075 686 4132 testimoniis
697 4077 913 4146 comprobamus.
925 4105 959 4115 -
972 4075 1009 4132 21
1025 4075 1087 4144 vgl.
1104 4075 1169 4131 Lev.
1187 4077 1228 4138 23,
1246 4075 1278 4128 27
1297 4093 1362 4130 usw.

394 4227 410 4283 l
434 4227 484 4300 τῷ]
502 4225 607 4298 γὰρτὸ
627 4244 643 4282 o
667 4229 671 4294 1
696 4221 856 4292 θούτωςο
880 4228 884 4293 Ι
904 4229 923 4284 θ
941 4226 999 4296 τῆς]
1017 4231 1050 4290 -1-
1067 4226 1141 4282 κατὰ
1159 4225 1230 4282 θεὸν
1247 4226 1276 4292 11
1305 4224 1461 4297 πράξοντα]
1480 4233 1512 4291 ·1-
1529 4227 1614 4280 καίσ

308 4309 454 4384 πράξαντα
473 4313 508 4378 ol
527 4312 540 4366 λ
561 4309 695 4382 λέγεσθαι
713 4312 799 4380 cllo
816 4308 927 4382 ἀγγίοις
945 4312 1067 4385 οσΙτῷ]
1080 4317 1142 4380 spo
1158 4313 1162 4379 1
1179 4309 1325 4366 novat
1338 4328 1378 4380 gr.
1392 4311 1611 4376 1153154<εο1

308 4398 345 4452 12
364 4394 630 4464 κεκαλλωπισμένας
648 4414 663 4450 ο
679 4398 684 4463 1
702 4397 738 4450 18
761 4397 945 4464 πειθανότητι
964 4397 1020 4462 οσΙ
1037 4396 1075 4450 14
1097 4394 1163 4466 γὰρ]
1182 4405 1215 4455 <
1233 4413 1247 4450 ο
1263 4397 1266 4458 1
1283 4397 1321 4452 lt
1340 4399 1422 4450 πιθοι
1440 4389 1561 4463 ο1διλλ’]
1580 4403 1613 4453 <

306 4481 395 4544 οΙΙθ
414 4477 564 4550 ἀποδείξει]
579 4483 608 4547 -1-
622 4479 651 4536 si
671 4485 781 4549 μᾶλλον
802 4498 817 4534 ο
836 4482 841 4549 1
862 4481 898 4536 lt
920 4475 1006 4552 ἔργον
1024 4497 1040 4534 0
1060 4481 1116 4550 123
1138 4479 1263 4536 πιθανὸν
1285 4481 1295 4534 l
1323 4477 1462 4536 πειθανδν
1481 4495 1517 4532 oo
1533 4480 1537 4546 1
1551 4476 1611 4546 τὸν]

306 4563 345 4620 τὼ
369 4583 384 4620 o
411 4565 469 4632 124
485 4567 535 4638 τῷ]
553 4565 622 4621 τδο
646 4569 650 4633 1
675 4563 861 4635 ενωημένωο
885 4567 889 4633 Ι
913 4565 953 4622 26
977 4564 1095 4622 δέκατον
1112 4581 1128 4619 ο
1147 4569 1151 4634 1
1172 4565 1258 4632 27128
1282 4563 1377 4620 δεκάτι
1399 4571 1456 4619 τῶν
1480 4561 1611 4636 ἀριθμῶν

305 4647 466 4720 ιἰιαφαίρον
485 4667 500 4704 o
520 4651 575 4720 [sio]
592 4651 651 4717 128
671 4647 798 4718 ίλασμῶν
816 4667 830 4704 ο
849 4647 924 4718 (itan
941 4649 969 4704 in
986 4650 1059 4718 Ros.)
1075 4649 1110 4718 11
1130 4647 1237 4720 πρώτη]
1257 4647 1286 4704 έν
1305 4657 1339 4719 τῇ
1357 4646 1456 4722 πρώτη
1474 4665 1497 4703 ε.
