3694 5542
310 439 367 500 166
600 508 601 511 Ἴ
750 429 888 501 Origenes'
905 429 1163 485 Jeremiahomilien.

306 601 357 683 τῷ
392 590 498 666 αύτὸν
526 600 771 682 πεπαταχέναι,
802 589 889 666 άλλδι
918 601 974 665 καί
1005 597 1122 681 ἔβαλεν
1148 587 1255 663 αύτὸν
1277 596 1323 674 εἷς
1344 619 1422 664 τινα
1442 589 1610 682 καταρρά-

305 721 400 782 κτην.
437 698 575 783 ἐμέλησε
598 702 639 784 τῇ
662 701 774 784 γραφῇ
796 700 902 767 εἰπεῖν
923 702 979 765 καὶ
1001 699 1069 764 ποῦ
1090 685 1134 783 ἦν
1155 683 1257 774 οὗτος
1272 687 1291 764 5
1305 688 1550 812 καταρράκτης,
1573 696 1609 762 ἐν

306 800 349 881 τῇ
378 791 468 880 πύλη
500 799 561 864 τοῦ
585 799 757 884 Βενιαμίν,
787 823 844 864 και
874 787 929 866 ὅτι
960 787 979 865 5
1009 789 1267 922 καταρράκτης
1273 794 1324 881 ην·
1341 796 1379 862 ἐν
1400 787 1499 882 τόπῳ
1523 793 1609 864 ἔνθα

304 889 465 982 ύπερῷον
487 885 537 983 ἦν,
560 889 721 1015 ύπερῷον
743 901 779 966 δέ
801 889 862 966 ούκ
884 892 991 966 άλλου
1006 890 1100 976 τινὸς
1115 887 1137 980 5
1152 897 1215 963 τοῦ
1233 895 1328 962 οἴκου
1342 895 1466 980 κυρίου.
1502 896 1609 962 ταῦτα

270 1009 287 1061 5
306 987 579 1083 ανέχραψεν
524 997 579 1064 ἐπὶ
539 1001 648 1083 πτῇ
669 1001 871 1117 προφητείᾳ
887 998 1060 1082 γεγονέναι
1082 989 1124 1063 τὸ
1145 997 1277 1082 πνεῦμα
1299 988 1340 1062 τὸ
1363 983 1462 1079 άχιον
1484 997 1534 1080 τῷ
1556 985 1607 1061 Ἱε-

305 1102 408 1184 ρεμίᾳ,
439 1099 613 1183 γεγονέναι
643 1089 730 1164 δὲ’
709 1093 777 1165 απὸ
809 1098 871 1165 τοῦ
901 1090 1055 1182 Πασχῶρ.
1099 1088 1171 1162 είτά
1202 1097 1368 1180 φησι·τῇ
1398 1086 1608 1178 ἐπαύριον”
1589 1119 1608 1161 ο

304 1193 450 1283 Πασχῶρ
479 1190 617 1283 ἐξήγαγε
650 1191 714 1263 τὸν
739 1188 910 1312 Ἱερεμίαν
923 1197 960 1264 ἐκ
989 1197 1053 1263 τοῦ
1077 1188 1323 1282 καταρράκτου.
1365 1195 1422 1261 καὶ
1442 1189 1536 1260 εἶπεν
1558 1193 1607 1276 ἐξ·

304 1287 460 1380 αχθείς”
441 1321 459 1363 ο
473 1287 625 1383 Ῑερεμίας
646 1321 697 1382 τᾳ
679 1291 868 1382 Πασχῶρ,
891 1284 946 1364 ὅτι
968 1287 1009 1362 ού
1029 1289 1144 1381 κύριος
1167 1296 1271 1363 τοῦτο
1292 1287 1333 1360 τὸ
1350 1281 1458 1412 ὅνρμα
1473 1285 1610 1360 ἐκάλεσέ

303 1414 340 1461 σε
362 1391 403 1463 τὸ
425 1393 583 1482 Πασχῶρ·
614 1393 698 1465 ἄλλο
726 1385 834 1482 ὄνομά
861 1414 914 1464 σοι
935 1397 1098 1464 τέθειται·
1120 1387 1169 1474 ῶς
1190 1397 1242 1480 τῷ
1263 1385 1381 1476 Ἰακῶβ
1399 1383 1537 1478 Ἰσραήλ,
1559 1385 1607 1470 ῶς

252 1512 286 1568 10
304 1497 355 1582 τῷ
378 1487 501 1582 ’Ἁβραμ
526 1486 683 1580 Ἀβραάμ,
711 1489 759 1574 ῶς
785 1499 828 1580 τῇ
855 1496 952 1583 Σαρᾷ
971 1488 1103 1580 Σάρρα,
1131 1484 1243 1571 οὕτως
1269 1513 1321 1561 σοι
1344 1481 1453 1577 ὄνομα
1475 1495 1606 1559 τέθεικε

304 1595 484 1662 Μέτοικον.
531 1597 587 1662 καί
622 1589 675 1662 διὰ
705 1597 809 1664 τοῦτο
840 1588 978 1664 ἐκάλεσέ
1007 1615 1043 1661 σε
1064 1598 1245 1674 Μέτοικον
1268 1585 1448 1678 ἐπειδήπερ
1470 1583 1606 1677 2575‘
1587 1617 1605 1659 ο

217 1709 284 1766 306v
301 1687 429 1779 κύριος·
455 1691 531 1763 ἰδού
552 1691 618 1780 έχῶ
641 1697 760 1782 δίδωμί
782 1714 817 1763 σε
837 1696 842 1781 Ι
862 1697 908 1774 εἰς
929 1699 1104 1780 μετοικίαν
1125 1689 1186 1761 σύν
1206 1694 1301 1760 πᾶσι·
1323 1695 1428 1772 τίσιν;
1459 1683 1531 1776 ούχί
1553 1715 1607 1776 γυ

305 1796 395 1859 ναικί
415 1813 478 1861 σου
498 1796 553 1862 καί
575 1793 660 1874 υἱοῖς
682 1813 744 1863 σου
765 1799 821 1863 καὶ
840 1787 1030 1880 θυγατράσι
1045 1814 1117 1874 σου,
1141 1785 1229 1861 άλλὰ
1244 1787 1305 1860 σύν
1320 1807 1393 1872 τοῖς
1409 1794 1522 1874 φίλοις
1537 1810 1606 1859 σου.

302 1893 357 1958 καί
379 1887 465 1961 ἐπάν
488 1897 596 1979 δοθῇς
619 1896 664 1973 είς
686 1899 870 1981 μετοικίαν,
893 1896 1080 1963 πεσοῦνται
1103 1893 1135 1962 οί
1158 1896 1253 1976 φίλοι
1268 1910 1331 1959 σου
1344 1895 1496 1979 μαχαίρᾳ.
1532 1887 1606 1959 εἶτα

251 2009 283 2062 15
302 1985 350 2070 ῶς
372 1993 537 2077 διαφοράς
560 1981 661 2079 ούσης
683 2009 757 2074 τοῖς
779 1999 967 2064 πίπτουσιν
990 1986 1058 2062 άπὸ
1079 1997 1256 2079 μαχαίρας,
1284 1988 1344 2059 ἐὰν
1365 1993 1515 2060 πέσωσιν
1537 1984 1605 2059 άπὸ

300 2095 463 2178 μαχαίρας
481 2093 616 2178 ἐχθρῶν
637 2084 659 2178 ἢ
680 2087 748 2162 άπὸ
770 2097 933 2180 μαχαίρας
948 2088 1077 2174 ἄλλων,
1100 2095 1180 2178 φησὶ
1194 2097 1371 2159 πεσεῖσθαι
1385 2087 1468 2170 τούς
1483 2095 1605 2174 φίλους

301 2191 365 2258 τοῦ
386 2183 555 2272 βαλόντος
577 2189 640 2261 τὸν
660 2185 817 2280 Ἱερεμίαν
831 2193 878 2273 είς
893 2188 956 2262 τὸν
971 2186 1212 2278 καταρράκτην
1227 2193 1274 2270 είς
1288 2184 1455 2277 μάχαιραν
1469 2190 1604 2276 ἐχθρῶν

300 2281 424 2358 αὐτῶν.
459 2294 514 2359 καί
537 2292 570 2360 ol
589 2283 766 2378 ὀφθαλμοί
780 2312 851 2373 σου,
875 2295 988 2378 φησίν,
1010 2282 1159 2376 ὄψονται
1173 2293 1282 2359 ταῦτα
1299 2287 1375 2375 <τὰ>
1390 2285 1603 2375 προφητευό·

299 2414 392 2473 μενα.
432 2391 468 2458 σὲ
490 2392 526 2458 δὲ
550 2394 606 2459 καί
626 2385 742 2460 πάντα
768 2387 833 2460 τὸν
853 2384 958 2461 Ἰούδα
985 2387 1086 2459 δῶσω
1109 2391 1155 2470 εἰς
1175 2407 1286 2476 χεῖρας
1307 2393 1472 2472 βασιλέως
1495 2393 1603 2471 Βαβυ-

248 2505 283 2560 20
302 2491 428 2570 λῶνος,
457 2486 542 2577 μετὰ
579 2486 620 2559 τὸ
651 2499 777 2560 παθεῖν
808 2495 917 2560 ταῦτα
943 2486 1025 2570 τούς
1051 2495 1171 2575 φίλους
1197 2510 1268 2570 σου,
1294 2493 1347 2559 καί
1376 2490 1604 2576 μετοικιοῦσιν

301 2579 426 2668 αύτούς
456 2592 501 2669 είς
529 2593 721 2673 Βαβυλῶνα
750 2595 806 2659 καί
836 2584 1093 2675 κατακόψουσιν
1122 2582 1259 2668 αύτούς·
1290 2585 1354 2657 τὸν
1379 2584 1443 2674 γάρ
1469 2591 1604 2668 βασιλέα

299 2679 404 2755 Ἰούδα
433 2693 489 2757 καὶ
519 2687 601 2770 τούς
633 2683 700 2759 άπὸ
727 2684 831 2760 Ἰούδα
861 2686 1117 2777 κατακδψουσιν
1143 2691 1180 2759 ἐν
1214 2693 1372 2777 μαχαίρᾳ,
1402 2692 1458 2757 καί
1490 2681 1604 2756 ούκέτι

299 2779 497 2874 πρόσκειται
518 2785 559 2858 τὸ
578 2789 713 2877 ἐχθρῶν
728 2782 855 2872 αύτῶν,
879 2783 926 2870 ῶς
941 2791 996 2858 ἐπὶ
1010 2793 1084 2859 τῶν
1098 2793 1279 2876 προτέρων
1295 2787 1329 2858 οἳ
1343 2787 1493 2874 εἴρηνται
1508 2792 1604 2872 φίλοι

300 2883 385 2956 είναι
408 2889 471 2957 τοῦ
492 2886 645 2977 Πασχῶρ.
682 2883 756 2958 εἶτά
771 2908 864 2975 φησι·
886 2894 943 2958 καὶ
958 2884 1059 2958 δῶσω
1074 2891 1187 2957 πᾶσαν
1202 2883 1267 2974 τὴν
1282 2884 1376 2973 ἰσχύν
1392 2889 1453 2972 τῆς
1467 2881 1604 2968 πόλεως

246 3016 280 3072 25
299 2981 426 3072 ταύτης
447 2992 503 3056 καί
516 2982 657 3069 ,πάντας
679 2985 760 3069 τούς
782 2984 978 3075 θησαυρούς
999 2990 1063 3057 τοῦ
1084 2991 1247 3071 βασιλέως
1267 2980 1373 3057 Ἰούδα
1393 2989 1449 3054 καὶ
1470 2979 1603 3066 πάντας

299 3083 379 3166 τούς
405 3081 535 3167 πόνους
560 3090 622 3174 τῆς
646 3082 783 3168 πόλεως
809 3085 937 3174 ταύτης
963 3089 1010 3168 είς
1035 3103 1147 3173 χεῖρας
1174 3088 1309 3173 ἐχθρῶν
1336 3079 1466 3168 αύτῶν,
1493 3085 1548 3155 ἵνα
1571 3089 1604 3157 οἱ

298 3187 414 3274 ἐχθροὶ
437 3181 646 3273 διαρπάσωσι
668 3185 749 3268 τούς
765 3189 777 3274 ΙΙ
792 3185 985 3275 θησαυρούς
1006 3191 1062 3256 καί
1085 3181 1213 3268 λάβωσι
1235 3183 1279 3254 τὰ
1300 3187 1527 3272 προειρημένα
1548 3191 1604 3257 καί
1625 3197 1675 3254 254

298 3279 449 3371 άχάχωσι
471 3281 535 3355 τὸν
549 3280 676 3357 Ἰούδαν
696 3291 753 3356 καί
774 3283 838 3356 τὸν
859 3291 996 3370 βασιλέα
1017 3279 1123 3373 αὐτῆς
1144 3288 1192 3366 είς
1208 3289 1406 3365 Βαβυλῶνα.
1444 3283 1483 3352 οὐ
1506 3288 1550 3369 δέ,
1573 3275 1602 3354 5

298 3382 453 3473 Πασχῶρ,
475 3391 532 3455 καὶ
553 3381 680 3468 πάντες
703 3389 736 3457 οἱ
756 3389 1001 3466 κατοικοῦντες
1023 3389 1060 3456 ἐν
1082 3391 1133 3474 τῷ
1156 3387 1239 3472 οἴκῳ
1263 3405 1333 3466 σου,
1358 3379 1546 3472 πορεύεσθε
1568 3387 1605 3454 ἐν

245 3513 279 3568 30
298 3487 507 3576 αἰχμαλωσίᾳ
534 3489 580 3567 είς
603 3490 808 3569 Βαβυλῶνα,
834 3491 891 3555 καί
915 3486 984 3556 ἐκεῖ
1003 3479 1179 3570 ἀποθανῇ,
1205 3488 1261 3552 καὶ
1283 3485 1352 3552 ἐκεῖ
1371 3477 1541 3570 ταφή<ση>
1564 3481 1604 3550 οὐ

296 3587 353 3650 καί
374 3577 501 3665 πάντες
523 3587 557 3704 ρί
579 3592 676 3671 φίλοι
698 3607 760 3656 σου
781 3584 832 3667 οῖς
852 3579 1109 3673 προεφήτευσας
1131 3577 1247 3664 αύτοῖς
1269 3585 1399 3670 ψευδδμ
1446 3583 1512 3651 ἔδει
1533 3585 1601 3650 ἐπι-

209 3703 280 3759 307ι
297 3681 531 3769 τέμνεσθαι
494 3711 559 3772 την
576 3683 767 3802 περικοπὴν
783 3676 869 3772 ὅλην
883 3690 939 3755 καί
954 3689 1144 3770 σαφηνίσαι
1161 3677 1294 3754 ούδέπω
1309 3708 1350 3802 τρ
1337 3675 1483 3810 νάίημα
1499 3675 1603 3768 αὐτῆς

297 3778 338 3851 τὸ
360 3781 514 3869 βαθύίεί
484 3809 550 3870 εχε
571 3789 749 3904 χωροῦμεν
771 3779 878 3872 αὐτό),
900 3778 974 3856 ἀλλ’
990 3810 1011 3871 η
1031 3810 1097 3871 την
1120 3788 1211 3867 λέξιν
1232 3787 1287 3851 καὶ
1310 3778 1351 3851 τὸ
1376 3780 1483 3870 ῥητὸν
1507 3775 1601 3862 αύτὸ,

297 3873 421 3950 ὃκαί(
402 3909 420 3951 ο
437 3883 551 3970 τυχῶν
572 3880 754 3972 ἐπιστήσας
776 3887 942 3972 ἐπιμελῶς
964 3901 1037 3965 τοῖς
1058 3877 1224 3970 γράμμασι
1245 3887 1301 3952 καὶ
1320 3909 1364 3970 μη
1351 3878 1417 3950 ἐκ
1431 3887 1603 4002 παρέρχρυ

240 4001 278 4055 35
297 3977 500 4052 δύναται”
457 4010 523 4053 καν
545 3975 657 4066 οὕτως
680 3988 807 4072 νοῆσαι.
844 3991 878 4054 τί
900 3973 962 4054 οὖν
983 3978 1142 4065 βούλεται
1164 3985 1288 4066 ταύτα;
1325 3973 1486 4052 ἐνθάδε
1468 4007 1486 4050 ο
1508 3975 1602 4067 άχῶι

380 4135 481 4206 9ng
500 4137 567 4193 Gen.
586 4139 627 4201 32,
646 4137 687 4193 28.
704 4167 737 4177 -
757 4137 793 4193 10
810 4135 873 4206 Vgl.
893 4136 961 4190 Gen.
981 4137 1022 4203 17,
1041 4137 1081 4190 15.

381 4261 397 4316 l
418 4253 527 4333 ἔβαλεν]
545 4263 618 4317 nach
634 4263 660 4316 S.
679 4265 736 4324 168,
749 4263 783 4320 20
799 4279 864 4319 usw.
881 4262 938 4317 und
957 4261 1030 4315 Lxx
1048 4260 1106 4316 οοδ.
1125 4259 1159 4316 ΕΒ
1176 4253 1294 4332 ἔβαλλεν
1316 4261 1353 4327 S!
1370 4261 1426 4320 111.
1448 4261 1475 4316 2.
1495 4260 1531 4317 17
1551 4279 1601 4315 κα-

294 4342 438 4415 ταράκιην
454 4363 519 4401 αενι.
533 4346 558 4410 S,
572 4363 601 4400 so
613 4349 680 4401 stete
691 4346 722 4401 in
733 4347 811 4402 Hom,
825 4349 858 4404 19
872 4347 877 4414 1
892 4347 911 4403 6
929 4342 996 4415 ἀπὸ]
1015 4340 1070 4400 ὑπὸ
1088 4344 1133 4400 Hu
1147 4345 1183 4413 Ιθ
1206 4338 1287 4416 ἄλλο]
1305 4341 1376 4402 ἀλλὰ
1395 4345 1412 4400 S
1428 4347 1432 4413 Ι
1450 4345 1488 4400 10
1505 4339 1603 4416 άβραμ

296 4427 339 4482 Gh
357 4421 433 4502 άβρα
455 4431 473 4485 S
489 4431 493 4498 Ι
510 4430 547 4488 12
567 4429 616 4486 σὺν
634 4436 704 4486 πᾶσι
726 4431 770 4486 Gh
788 4429 913 4499 σύμπασι
931 4429 948 4484 S
967 4431 972 4498 1
994 4429 1033 4486 14
1050 4431 1137 4498 δοθῆς
1156 4431 1199 4484 Gh
1217 4435 1290 4498 δοθῆ
1307 4431 1324 4486 S
1345 4433 1349 4498 Ι
1372 4430 1406 4486 18
1424 4426 1527 4497 αὐτῶν]
1546 4428 1602 4500 vgl.

295 4511 321 4566 Z.
334 4513 367 4568 23
386 4510 473 4570 αὐτοῦ
490 4514 578 4583 81τὰ
597 4515 641 4570 Gh
658 4517 661 4583 ί
682 4516 722 4571 29
739 4513 907 4587 πορεύεσθε]
925 4515 981 4585 ng
999 4515 1025 4569 S.
1039 4517 1096 4578 112,
1113 4517 1147 4571 20
1164 4514 1340 4586 πορεύοισθε
1359 4515 1401 4570 Gh
1417 4515 1421 4584 Ι
1438 4515 1474 4572 80
1493 4515 1604 4585 ταφήσῃ
1702 4515 1709 4527 ”

288 4597 382 4653 &hoo
402 4599 456 4670 vgl.
475 4601 501 4656 S.
520 4601 577 4668 172,
595 4603 627 4656 21
650 4602 652 4668 Ι
674 4600 714 4657 θθ
732 4597 801 4656 αδτό
819 4600 975 4656 Kootsehau
993 4597 1081 4657 αὐτοῦ
1099 4601 1124 4656 S.
