3694 5542
402 1362 469 1448 Die
495 1363 721 1468 Fragmenta
750 1383 819 1446 σεε
846 1361 916 1444 der
941 1358 1307 1463 Prophetenkatene.

545 1601 610 1640 εΕ
629 1583 688 1638 nott
708 1583 778 1638 chia.
798 1584 828 1638 R.
850 1581 920 1638 VIII.
938 1585 972 1638 54
989 1599 1059 1636 εεεσ.
1077 1581 1109 1636 Χ,

544 1668 556 1721 l
577 1694 611 1712 =
629 1669 687 1723 eod.
705 1668 784 1722 Laut.
804 1668 837 1734 V,
854 1670 871 1724 9
889 1683 958 1722 εεσσ.
976 1666 1023 1720 ΧΙ.

544 1768 560 1806 σ
578 1779 611 1798 =
629 1753 689 1808 cod.
707 1751 771 1806 vat.
789 1751 882 1806 Ottob.
901 1769 941 1822 gr.
959 1753 1010 1808 452
1027 1768 1097 1807 εσεσ.
1115 1751 1160 1805 XI.

165 1949 181 1999 ο
542 1936 600 2002 Νε.
623 1936 646 2002 L
689 1937 812 2022 Klagel.
826 1937 973 2002 Jerem.1
995 1921 1162 2002 Uberschr.

285 2080 317 2155 ‘0
341 2080 523 2174 Ἱερεμίας
550 2087 950 2172 αἰχμαλωτισθέντας
976 2087 1039 2154 τοῦ
1066 2089 1150 2154 λαοῦ
1175 2087 1230 2151 καί
1254 2075 1355 2164 ὄντος
1378 2085 1414 2152 ἐν
1438 2091 1504 2152 Bcc-
1528 2095 1576 2148 321

198 2191 342 2270 βυλῶνι,
373 2193 519 2274 θρηνεῖ
545 2182 613 2272 την
642 2179 747 2254 πόλιν
772 2188 828 2252 καὶ
855 2179 920 2272 τὴν
944 2182 1060 2271 χώραν
1086 2191 1141 2252 καί
1164 2181 1227 2252 τὸν
1250 2179 1335 2254 λαὸν
1357 2185 1411 2252 ἐπὶ
1435 2202 1507 2263 τοῖς

199 2279 432 2374 συμβεβηκόσι,
454 2290 510 2353 καὶ
532 2293 656 2372 θρηνεῖ
675 2277 864 2372 περικοπσίς
886 2310 983 2363 τινας
1003 2290 1059 2352 καί
1082 2280 1262 2362 διαστολὰς
1282 2279 1508 2372 περιγράφων

199 2379 385 2474 ἀρχομένας
413 2384 487 2472 ἑξῆς
509 2377 577 2454 ἀπὸ
601 2388 675 2451 τῶν
696 2377 774 2469 παρ’
795 2376 956 2470 Ἑβραίοις
978 2387 1164 2469 στοιχείων.
1207 2387 1261 2452 καί
1283 2381 1367 2470 μετὰ
1391 2379 1432 2451 τὸ
1455 2409 1506 2453 τε·

148 2500 181 2554 10
200 2489 292 2560 λέσαι
319 2481 382 2555 τὸν
409 2479 461 2570 ἐφ’
485 2479 628 2554 ἑκάστου
654 2488 821 2568 στοιχείου
844 2486 982 2571 Θρῆνσν
1007 2489 1063 2551 καὶ
1089 2485 1143 2552 ἐπὶ
1167 2487 1248 2552 πᾶσι
1270 2479 1333 2551 τὸν
1352 2476 1420 2552 ἀπὸ
1445 2487 1507 2552 τοῦ

98 2637 101 2644 .
201 2589 272 2652 θαῦ
294 2577 490 2672 α’ρχόμενσν.
514 2575 598 2670 ὅπερ
620 2585 691 2651 ἐστὶ
713 2591 915 2652 τελευταῖον
939 2589 1011 2653 τῶν
1025 2576 1187 2669 Ἑβραίων
1202 2575 1344 2669 γράμμα,
1367 2585 1506 2669 έπανέρ·

197 2709 292 2770 χεται
323 2685 377 2753 ἐπὶ
408 2678 448 2750 τὸ
475 2676 560 2767 Ἆλφ
584 2686 639 2749 καὶ
665 2675 771 2750 πάλιν
796 2687 931 2767 θρηνεῖ,
958 2686 1013 2750 καὶ
1041 2685 1145 2750 τοῦτο
1171 2697 1264 2750 ποιεῖ
1285 2677 1440 2768 τετράκις
1463 2679 1506 2750 τὰ

199 2785 304 2852 είκσσι
324 2788 379 2850 καὶ
402 2778 462 2850 δύο
485 2797 634 2866 στοιχεῖα
655 2777 807 2865 ἐπεξιών.

535 2981 590 3047 Nr.
612 2981 651 3048 Η.
693 2981 817 3066 Klagel.
831 2981 978 3049 Jerem.1
1001 2981 1169 3048 Uberschr.

146 3153 178 3206 15
281 3125 355 3199 Ἐὰν
377 3131 503 3216 ίδωμεν
524 3123 719 3216 ὑποχείριον
740 3133 920 3217 γινομένην
941 3128 1005 3218 τὴν
1026 3125 1139 3216 ψυχὴν
1161 3135 1211 3218 τῷ
1234 3125 1382 3218 διαβόλῳ
1406 3126 1426 3218 ἢ
1449 3141 1503 3200 καὶ
1619 3131 1623 3138 ’

197 3246 269 3310 τοῖς
296 3222 448 3317 ἀγγέλοις
471 3223 590 3310 αὐτοῦ,
617 3234 672 3296 καὶ
694 3221 905 3312 ἁπαξαπλῶς
933 3245 1006 3308 ταῖς
1033 3229 1168 3315 ἐχθραῖς
1190 3223 1347 3316 δυνάμεσι
1375 3228 1439 3317 τὴν
1462 3237 1504 3318 τῇ

196 3325 293 3414 φύσει
319 3325 539 3416 θεωρητικὴν
564 3332 620 3397 καὶ
647 3334 794 3416 συνορᾶν
822 3325 864 3396 τὰ
887 3319 973 3396 ὄντα
996 3330 1083 3414 <καὶ>
1105 3331 1281 3415 ἐπιστῆσαι
1304 3333 1502 3419 δυναμένην,

277 3495 542 3567 611.Vgl.01ymp.
562 3497 615 3565 (Gh
633 3499 680 3564 ΠΙ,
700 3501 736 3566 7);
758 3499 862 3568 Θρηνεῖ
876 3495 929 3564 μὲν
947 3495 1020 3551 κατὰ
1039 3498 1089 3563 τὴν
1109 3493 1235 3567 ἱστορίαν
1254 3493 1270 3550 ὁ
1289 3501 1435 3570 προφήτης
1451 3503 1502 3568 τὴν

193 3581 258 3637 τότε
275 3587 325 3649 τῆς
338 3573 520 3652 Ἰερουσαλὴμ
538 3581 696 3652 γενομένην
714 3581 918 3652 αἰχμαλωσίαν,
939 3587 1121 3651 προφητικῶς
1139 3579 1168 3636 δέ
1185 3584 1234 3636 καί
1248 3578 1440 3656 ἀληθέστερον
1452 3586 1501 3652 τὴν

193 3662 240 3720 ἐπί
255 3657 405 3735 Ῥωμαίων
428 3663 498 3735 αὐτῇ
521 3670 669 3739 συμβᾶσαν
688 3707 753 3721 ....
773 3663 946 3737 ἀναφέρεται
968 3664 998 3720 δέ
1019 3665 1054 3720 τὰ
1077 3665 1261 3738 γεγραμμένα
1279 3669 1328 3722 καί
1345 3664 1391 3722 ἐπὶ
1410 3672 1502 3738 ψυχὴν

138 3781 143 3790 ·
193 3746 369 3805 ἐκπεσοῦσαν
386 3749 439 3818 μὲν
456 3755 506 3818 τῆς
524 3747 632 3822 ἀρετῆς.
651 3755 873 3821 κατενεχθεῖσαν
891 3749 921 3804 δέ
938 3747 979 3814 είς
996 3747 1030 3804 τὰ
1048 3759 1097 3817 τῆς
1113 3750 1216 3814 κακίας
1230 3746 1287 3819 είδη
1300 3753 1349 3806 καί
1360 3752 1404 3808 ῦιὰ
1417 3762 1500 3808 τοῦτο

192 3829 222 3888 έν
242 3832 382 3903 Συγχύσει
400 3833 557 3904 γενομένην
575 3831 723 3907 (Βαβυλὼν
741 3833 796 3906 γὰρ
811 3833 948 3905 Σέγχισις
966 3829 1158 3906 ἑρμηνεύεται)
1176 3837 1226 3890 καί
1242 3829 1297 3890 ὑπὸ
1316 3841 1374 3890 τῶν
1392 3843 1501 3906 νοητῶν

191 3917 336 3985 πολεμίων
354 3914 639 3990 αἰχμαλωτισθεῖσαν.
657 3949 690 3960 —-
708 3921 742 3975 15
760 3918 824 3988 Vgl.
842 3919 942 3972 Matth.
961 3920 1002 3985 25,
1020 3919 1074 3974 41?
1096 3947 1130 3957 -
1154 3921 1190 3974 l?
1211 3919 1275 3989 Vgl.
1293 3919 1374 3974 Philo
1392 3920 1427 3974 σε
1444 3922 1499 3976 ebr.

192 4003 212 4068 1,
230 4003 281 4056 369
293 4001 333 4056 M:
361 3995 470 4072 Ἰσραὴλ
492 4001 522 4058 δὲ
538 4002 725 4074 τελειότητος·
750 3997 851 4074 ὅρασιν
873 4001 928 4076 γάρ
946 4007 1020 4058 θεοῦ
1036 4002 1136 4072 μηνίει
1153 3998 1289 4072 τοῦνομα.
1323 4005 1500 4076 τελειότερον

191 4085 221 4142 δὲ
241 4086 271 4141 τί
287 4080 323 4141 ἂν
341 4081 384 4154 είη
406 4092 464 4141 τῶν
482 4081 513 4142 έν
531 4083 647 4159 ἀρεταῖς
663 4086 681 4156 ἢ
697 4087 730 4143 τὸ
750 4083 840 4152 ὅντως
858 4083 891 4142 ίίν
910 4085 991 4144 ἰδεῖν.Ι
1016 4089 1073 4142 und
1090 4089 1162 4142 noch
1179 4089 1271 4142 besser
1290 4089 1355 4158 (ng.
1373 4089 1419 4143 Nr.
1439 4089 1499 4158 vm

191 4170 225 4223 de
242 4187 329 4226 somn.
347 4171 394 4235 111,
412 4172 463 4226 692
477 4171 517 4225 M:
544 4173 560 4240 ὴ
587 4172 617 4229 δὲ
634 4179 685 4228 τοῦ
703 4175 774 4228 θεοῦ
791 4171 872 4237 πόλις
889 4167 944 4227 ὑπὸ
958 4165 1292 4244 Ἑβραίωνιίερουσαλὴμ
1310 4177 1449 4235 καλεῖται,
1469 4171 1500 4244 ἧς

190 4253 373 4324 μεταληφθὲν
396 4248 522 4324 τσίίνσμα
546 4251 646 4328 ὅρασίς
667 4253 744 4312 ἐστιν
767 4255 884 4328 εἰρήνης.
920 4250 995 4313 ὥστε
1019 4259 1057 4325 μέγ
1081 4259 1156 4326 ζήτει
1177 4259 1229 4324 τὴν
1246 4265 1297 4312 τοῦ
1316 4253 1400 4324 ὄντος
1416 4259 1499 4314 πόλιν

190 4333 220 4394 έν
238 4337 354 4405 κλίμασι
371 4343 423 4408 γῆς
441 4379 446 4390 -
461 4381 466 4394 ·
480 4382 506 4397 ·.
525 4333 586 4396 ἀλλ’
603 4337 634 4398 ἐν
654 4347 731 4412 ψυχῇ
749 4337 884 4416 ἀπολέμῳ
901 4343 951 4396 καί
970 4339 1156 4414 ὐξυδερκούση
1170 4340 1278 4411 (τέλσςλ
1292 4341 1499 4415 προτεθειμένη

189 4421 240 4478 τὸν
257 4423 437 4495 θεωρητικὸν
455 4427 504 4480 καί
522 4425 667 4498 είρηναῖον
684 4427 758 4494 βίον.-

275 4575 411 4656 ῦεεεςειι
427 4576 438 4630 l
457 4577 512 4646 vgl.
530 4578 656 4642 s.199,3
674 4583 742 4650 App.
762 4580 766 4648 Ι
788 4579 824 4634 ll
845 4583 903 4636 θαυ
921 4596 953 4633 σο
973 4581 978 4648 Ι
998 4573 1123 4651 ἑβραίσις
1140 4595 1156 4632 o
1176 4579 1181 4646 Ι
1202 4579 1241 4634 12
1259 4577 1302 4648 τὸ]
1323 4584 1374 4632 τοῦ
1391 4595 1406 4632 σ
1422 4580 1425 4646 ί
1441 4569 1498 4648 σῖλω

190 4659 241 4714 olo
257 4659 261 4728 Ι
278 4659 391 4734 Ιθκβσ
405 4661 410 4730 Ι
426 4662 464 4718 15
474 4655 549 4732 Ἐὰν]
562 4663 660 4718 vorhor
671 4671 724 4718 τσῦ
735 4659 822 4720 αίπσῦ
834 4661 907 4720 κατὰ
921 4664 1047 4734 θεωρίαν
1057 4681 1092 4717 σσ
1105 4663 1108 4671 ’
1120 4661 1302 4733 γενομένηνσ
1329 4664 1362 4718 17
1378 4663 1496 4720 καίίθίι.
