3694 5542
642 461 763 519 Homilie
779 465 841 521 XX.
875 463 974 518 Jerem.
992 461 1034 530 20,
1051 462 1143 518 7—12.
1500 469 1560 532 187

252 617 358 695 »ὅταν
378 628 624 714 έπικαλέσῆσθέ
642 635 693 712 με,
715 627 782 716 ίγῶ
804 632 841 698 δὲ
863 622 926 698 οῦκ
946 622 1180 713 είσακούσομαι
1200 621 1327 714 ῦμῶνι.
1369 627 1439 696 ἐκεῖ
1451 629 1512 713 μὲν
1528 627 1560 696 οί

251 723 374 796 ἄδικοι·
402 729 457 796 καὶ
483 727 516 796 οἱ
544 729 667 796 δίκαιοι
694 731 729 797 δέ
756 733 863 816 δῆλον
884 719 939 798 ὅτι
961 729 1205 798 έπικαλοῦνταί
1225 745 1314 796 ποτε
1335 723 1400 813 τῆν
1422 732 1559 812 σοφίαν·

254 831 327 894 »καὶ
346 829 415 905 πᾶς
436 817 474 904 ὃς
496 820 556 895 ίᾶν
578 828 816 914 ἐπικαλέσηται
838 823 878 896 τὸ
902 817 1009 914 ὄνομα
1030 833 1148 911 κυρίου
1171 821 1395 914 σωθήσεταιι.
1435 821 1561 896 ἐνθάδε

250 929 286 995 δὲ
309 918 328 994 ὁ
349 919 529 1012 προφήτης
552 932 668 1012 φησίν·
697 920 858 996 »ἀθεσίαν
879 931 935 994 καὶ
958 929 1194 1010 ταλαιπωρίαν
1215 927 1489 1011 ἐπικαλέσομαιι,
1512 921 1560 1006 ῶς

215 1033 232 1086 5
250 1021 314 1094 τὸν
334 1021 420 1094 θεὸν
443 1014 537 1094 οῦτω
560 1021 625 1113 τήν
647 1019 798 1109 ἀθεσίαν,
821 1020 870 1107 ῶς
892 1021 956 1095 τὸν
976 1020 1096 1109 κύριον
1118 1017 1211 1094 οῦτω
1234 1022 1299 1112 τήν
1313 1031 1560 1112 ταλαιπωρίαν.

250 1113 315 1211 ἀρα
336 1121 444 1194 καλὸν
464 1128 602 1212 πρᾶγμα
623 1127 775 1212 ἐπικαλῇ,
798 1116 939 1211 Ἱερεμία,
963 1116 1020 1194 ὅτι
1040 1126 1228 1211 ἐπαγγέλλῃ
1251 1127 1373 1212 λέγων·
1399 1119 1561 1194 »ἀθεσίαν

249 1230 305 1293 καὶ
331 1227 566 1310 ταλαιπωρίαν
592 1227 866 1310 έπικαλέσομαιι;
909 1219 996 1295 ἀλλὰ
1023 1229 1074 1294 δει
1097 1227 1305 1310 κατανοῆσαι
1328 1219 1499 1312 συνθήκας
1521 1217 1560 1305 ἃς

250 1327 417 1410 τιθέμεθα
446 1327 501 1392 καὶ
529 1321 590 1403 τὰς
618 1319 756 1405 ἀθεσίας
784 1318 913 1408 αὐτῶν,
945 1315 1001 1392 ὅτι
1027 1324 1097 1392 ἔστι
1122 1327 1210 1392 ποτὲ
1236 1318 1409 1411 συνθήκας
1434 1327 1561 1394 θέσθαι

249 1427 376 1504 κακῶς·
405 1428 460 1491 καὶ
487 1419 571 1511 μετὰ
597 1419 639 1493 τὸ
665 1426 790 1492 θέσθαι
818 1417 991 1510 συνθήκας
1016 1426 1130 1504 κακῶς
1157 1425 1229 1493 είθε
1251 1425 1469 1512 έπικαλοίμεν
1495 1420 1560 1510 τὴν

164 1530 231 1588 321v
249 1518 399 1594 ἀθεσίαν.
436 1513 529 1592 οῦτω
553 1525 666 1592 δὲκαὶ
688 1517 748 1592 ἐὰν
769 1517 974 1610 κατανοήσω
995 1519 1073 1610 »τῆν
1093 1525 1269 1610 πλαήτεῑαν
1283 1527 1339 1594 καὶ
1354 1517 1559 1610 εὐρύχωρον,

251 1620 316 1710 τήν
337 1617 536 1710 ἀπύγουσαν
559 1626 605 1704 είς
627 1618 692 1709 τὴν
714 1615 901 1692 ἀπῶλειαν<
920 1624 977 1690 καὶ
999 1611 1054 1690 ὅτι
1076 1614 1210 1692 ὁδεύων
1231 1625 1268 1692 έν
1287 1616 1375 1710 αῦτῆ
1389 1617 1431 1692 οῦ
1445 1634 1559 1694 ταλαι-

249 1727 373 1810 πωρῶ,
402 1727 594 1809 μεταβαίνω
619 1715 701 1791 »ἀπὸ
728 1724 790 1808 τῆς
815 1725 978 1802 πλατείας
1004 1725 1060 1790 καὶ
1086 1714 1280 1810 εύρυχῶρου
1305 1715 1400 1792 ὁδοῦ
1426 1726 1482 1792 καὶ
1509 1723 1559 1792 ἔ-

249 1848 350 1910 χομαι
378 1823 447 1890 »ἐπὶ
476 1817 541 1909 τήν
572 1818 694 1908 στενήν
713 1823 724 1908 ss
743 1824 800 1889 καί
837 1825 1077 1908 τεθλιμμένην
1105 1825 1162 1890 καὶ
1191 1826 1427 1909 ταλαιπωρῶν
1457 1825 1560 1909 λέγω·
1580 1836 1630 1892 271

254 1926 508 2008 »ταλαιπωρίαν
529 1923 794 2008 έπικαλέσομαιι.
829 1913 969 1989 ἀθετεῖν
990 1924 1103 2007 μέλλω
1124 1915 1186 2001 τὰς
1208 1917 1379 2008 συνθήκας
1398 1917 1460 2002 τάς
1473 1918 1560 2010 πρὸς

200 2036 232 2090 15
252 2017 315 2090 τὸν
336 2014 465 2107 κόσμον
489 2025 544 2087 καὶ
571 2016 615 2089 τὰ
636 2017 780 2104 κοσμικά
801 2013 995 2106 πράγματα,
1022 2021 1078 2090 ἵνα
1101 2014 1261 2101 ἀναλάβω
1283 2015 1462 2107 οὐρανίους
1484 2041 1560 2090 σνν-

251 2116 370 2208 θήκας.
414 2113 574 2189 »ἀθεσίαν
600 2121 865 2205 ἐπικαλέσομαιι.
908 2111 1001 2188 οῦτω
1028 2123 1064 2188 δὲ
1091 2119 1295 2190 καταλιπων
1316 2116 1379 2190 τὸν
1401 2124 1476 2203 βίον
1497 2117 1561 2190 τὸν

250 2223 324 2308 >τῆς
346 2225 507 2298 πλατείας
528 2222 583 2287 καὶ
605 2213 799 2305 εῦρυχῶρου
820 2210 915 2289 ὁδοῦ
935 2222 989 2287 καὶ
1007 2213 1185 2308 ἐρχόμενος
1205 2222 1271 2289 »ἐπὶ
1288 2217 1353 2307 τήν
1368 2217 1490 2308 στενήν
1504 2225 1560 2290 καὶ

250 2323 502 2407 τεθλιμμένην,
533 2319 589 2387 ἵνα
618 2322 767 2406 γένωμαι
794 2323 1014 2405 ταλαίπωρος
1040 2314 1089 2399 ῶς
1115 2323 1265 2401 Παῦλος,
1292 2323 1394 2407 λέγω·
1429 2327 1561 2390 »ταλαα

250 2421 387 2505 πωρίαν
407 2419 674 2505 έπεκαλέσομαιι.
715 2412 757 2488 ού
783 2413 846 2504 γὰρ
866 2421 935 2498 πῶς
960 2413 1149 2504 ἅνθρωπος
1171 2421 1240 2506 έρεί
1259 2414 1300 2487 τὸ
1326 2425 1561 2504 »ταλαίπωρος

199 2531 234 2586 20
250 2516 319 2604 έγῶ
342 2514 544 2604 ἄνθρωπος·
567 2523 619 2598 τίς
640 2543 680 2602 με
694 2513 831 2604 ῥύσεται
845 2518 882 2585 ἐκ
897 2520 961 2587 τοῦ
976 2515 1134 2604 σώματος
1148 2521 1212 2587 τοῦ
1226 2513 1383 2588 θανάτου
1398 2515 1557 2601 τούτου;«

250 2611 329 2689 ἀλλ’
353 2610 372 2686 ὁ
393 2611 518 2704 νοήσας
545 2612 586 2687 τὸ
615 2621 710 2702 σῶμα
736 2619 800 2686 τοῦ
825 2611 997 2698 θανάτου,
1025 2610 1234 2705 ἀρυσθῆναι
1259 2612 1464 2706 βουλόμενος
1491 2610 1559 2688 ἀπὸ

251 2720 315 2785 τοῦ
337 2714 492 2803 σώματος
515 2719 578 2786 τοῦ
599 2710 757 2785 θανάτου
781 2711 910 2786 τούτου
930 2717 999 2803 έρει
1018 2711 1060 2785 τὸ
1086 2722 1324 2804 »ταλαίπωρος
1342 2715 1409 2804 έγῶ
1425 2715 1560 2804 ἀνθρω-

250 2841 344 2897 ποςι.
387 2808 464 2884 ὁδε
492 2820 759 2902 φιλοσωματῶν,
786 2807 806 2884 ὁ
828 2810 948 2896 πολύς,
975 2808 995 2885 ὁ
1018 2808 1175 2884 ἀπιστῶν
1200 2819 1251 2902 τῷ
1275 2819 1437 2903 μέλλοντι
1459 2819 1560 2886 αἰῶνι

251 2909 292 2984 ού
314 2918 414 3003 λέγει·
444 2919 681 3000 »ταλαίπωρος
700 2913 767 3002 έγῶ
790 2911 1013 3000 ἄνθρωποςι,
1041 2907 1128 2983 ἀλλὰ
1151 2920 1322 3002 μακαρίζει
1344 2911 1481 2998 ἑαυτόν,
1504 2907 1560 2985 ὅτι

199 3027 232 3082 25
250 3018 342 3083 ἐστὶν
364 3011 562 3100 ἄνθρωπος,
584 3019 640 3082 καί
662 3017 717 3084 ἐπὶ
739 3018 790 3102 τῷ
813 3011 899 3083 εἶναι
920 3015 958 3082 έν
979 3017 1031 3101 τῷ
1053 3017 1118 3082 τοῦ
1138 3009 1297 3084 θανάτου
1318 3014 1457 3102 σῶματι
1500 3012 1561 3084 ἐὰν

252 3103 315 3184 οῦν
336 3116 478 3202 δυνηθῶ
501 3108 625 3202 νοήσας
647 3118 722 3196 πῶς
736 3116 872 3192 Παῦλος
893 3111 980 3182 είπε·
1007 3119 1243 3200 »ταλαίπωρος
1257 3112 1324 3200 έγώ
1343 3111 1561 3201 ἄνθρωπος»,

249 3216 390 3300 μηδέπω
411 3208 693 3302 ἐπικαλεσάμενος
714 3209 779 3300 τήν
801 3218 1048 3301 ταλαιπωρίαν,
1068 3216 1307 3301 έπικαλέσομαι
1321 3207 1429 3301 αύτήν
1444 3215 1481 3283 έκ
1496 3217 1560 3282 τοῦ

252 3307 416 3400 ἀθετῆσαι
441 3309 503 3394 τὰς
528 3309 615 3400 πρὸς
644 3311 708 3400 τῆν
733 3315 855 3382 κακίαν
882 3307 1053 3398 συνθήκας
1078 3317 1134 3382 καὶ
1161 3316 1250 3400 λέγω
1279 3306 1326 3394 ῶς
1353 3305 1372 3382 ὁ
1398 3304 1560 3401 Ἱερεμίας·

254 3407 412 3484 »ἀθεσίαν
433 3417 488 3482 καί
507 3417 742 3500 ταλαιπωρίαν
757 3414 1025 3499 έπικαλέσομαιι.
1061 3406 1102 3482 οῦ
1115 3408 1178 3499 γὰρ
1193 3411 1300 3483 είπεν·
1322 3406 1464 3482 ἀθεσίαν
1477 3415 1562 3482 θεοῦ

200 3523 234 3579 30
251 3513 498 3600 έπικαλέσομαι.

336 3615 435 3682 θέλω
457 3607 665 3698 παράδειγμα
688 3615 806 3682 δοῦναι
828 3605 897 3680 ἀπὸ
920 3614 981 3699 τῆς
1002 3614 1134 3699 γραφῆς
1155 3613 1288 3679 δικαίου
1310 3615 1374 3680 τοῦ
1389 3604 1562 3698 συνθήκας

253 3703 479 3794 ἀθετοῦντος,
507 3713 562 3781 ίνα
582 3706 790 3798 παραστήσω
811 3715 888 3791 πῶς
909 3713 1036 3791 ἐκεῖνος
1058 3715 1108 3799 τῷ
1132 3709 1218 3798 ἔργῳ
1242 3704 1383 3779 ἀθεσίαν
1405 3711 1561 3778 έπεκαλέ·

165 3818 234 3876 322r
252 3831 344 3880 σατο.
367 3813 372 3895 l
395 3803 526 3898 Ἰουδήθ
552 3805 724 3898 συνθήκας
750 3809 851 3880 ἔθετο
873 3806 960 3896 πρὸς
982 3807 1047 3881 τὸν
1066 3803 1275 3898 Ὁλοφέρνην
1298 3803 1386 3879 ῶστε
1408 3810 1562 3878 τοσῶνδε

337 3977 536 4040 ⁸1001232.
563 4009 596 4016 -
625 3977 698 4034 ιοα.
718 3977 755 4033 ιι
784 3977 848 4048 vgl.
866 3977 966 4032 εοεαε
986 3980 1010 4046 τ,
1028 3978 1069 4032 13.
1089 4001 1128 4016 ·-
1157 3977 1206 4035 ιε.
1226 3977 1262 4033 ιτ
1290 3975 1355 4046 vgl.
1369 3975 1469 4030 Matth.
1483 3976 1507 4038 τ,
1520 3976 1561 4028 ιι.

251 4093 285 4198 1-9
305 4061 487 4200 ιὸεήεὲωω.
505 4064 529 4129 ι,
547 4063 589 4117 ει.
606 4092 640 4100 -
658 4061 697 4116 ει
716 4063 793 4118 Rom
812 4067 836 4128 ι,
854 4063 897 4118 ει.
914 4093 948 4102 -
965 4062 1006 4118 ιι
1024 4061 1101 4117 Rom.
1120 4061 1144 4128 ι,
1161 4063 1202 4116 24.
1220 4091 1255 4099 -
1278 4060 1355 4118 εεα.
1381 4059 1445 4130 Vgl.
1463 4057 1561 4113 ιηιιιε

336 4282 352 4337 1
370 4274 450 4350 ὅταν]
469 4274 517 4337 ὅτε
535 4280 637 4336 sLxx
650 4281 709 4336 εοά
727 4282 776 4337 297
792 4283 796 4350 l
812 4281 830 4337 ὅ
849 4277 921 4337 θεὸν
940 4281 1013 4336 veo
1035 4283 1096 4336 θεῶ
1120 4280 1137 4334 S
1153 4280 1189 4347 Ιδ
1215 4277 1346 4336 ἐπικαλεῖ
1359 4271 1496 4349 Ἱερεμίας
1518 4271 1563 4333 ὅτι

250 4359 417 4436 ἐπαγγέλλει
435 4365 473 4420 00
497 4367 501 4433 Ι
526 4364 638 4422 14-24
654 4364 756 4420 Hionu
767 4365 874 4435 hagm.
886 4365 921 4420 83
938 4365 968 4418 in
985 4365 1019 4419 G:
1040 4366 1123 4432 Τίς-
1129 4365 1261 4433 μέλλοντι
1280 4369 1284 4429 Ι
1307 4365 1345 4420 18
1363 4359 1437 4433 λέγω
1459 4363 1502 4418 Bu
1518 4361 1561 4416 λέ·

250 4445 915 4603 {QZ⁸m⁹3²u⁰03wffl1s⁹⁹⁴3⁰ffltssf
934 4449 990 4590 ³⁰26l
1010 4449 1055 4603 2²2⁴}
1080 4441 1270 4589 ῦῦνίοέὺάζ
1285 4445 1562 4598 Ιεῦίῖῦιῗὴῶοεί

250 4616 306 4688 ιρι
324 4620 424 4686 Am),
442 4633 482 4690 ep.
501 4617 537 4672 α
554 4617 637 4674 Afric,
655 4574 689 4674 ιε
707 4576 755 4687 (Lo
769 4621 810 4686 ιι,
824 4571 877 4687 ιε’).
910 4573 917 4600 ’
986 4573 993 4600 ’
1055 4573 1062 4598 ’
1182 4571 1189 4586 ’
1304 4570 1312 4599 ’
1454 4569 1461 4598 ’
1508 4571 1514 4594 ’
