3694 5542
641 498 763 556 Homilie
779 497 880 556 XVIII.
913 500 1182 564 sorem.18‚1-16.
1506 507 1563 570 155

339 655 461 750 Ἐχέτω
488 669 544 734 καὶ
566 656 652 754 αὕτη
674 659 695 752 ἡ
717 659 866 752 διήγησις
886 657 992 750 χάριν.
1040 673 1067 733 5.
1094 657 1199 733 αὐτοῦ
1221 667 1257 734 δὲ
1279 658 1479 783 άκοδσωμεν
1500 669 1563 736 τοῦ

256 769 375 852 κυρίου
401 768 622 853 διηγουμένου
647 770 703 833 καί
718 765 730 852 ΙΙ
747 767 920 851 λέγοντος·
950 765 997 832 »εί
1022 763 1142 843 καθώς
1164 756 1182 832 δ
1204 761 1365 852 κεραμεὺς
1386 791 1500 846 ουτως
1521 759 1563 836 οδ
1583 775 1634 834 245

257 858 441 951 δυνήσομαι
461 869 526 934 τοῦ
547 867 685 952 ποιήσαι
705 857 800 951 δμᾶς,
823 862 917 945 οίκος
936 856 1081 952 Ἰσραήλ;
1117 869 1198 951 φησί
1218 860 1341 950 κύριος.
1376 862 1450 934 ίδοὺ
1472 859 1520 945 ῶς
1541 857 1561 935 δ

256 959 366 1052 πηλὸς
386 968 451 1033 τοῦ
471 967 642 1051 κεραμέως
663 954 777 1042 οῧτοος
798 956 888 1051 δμεῑς
910 965 985 1032 ἐστε
1006 967 1045 1032 ἐν
1063 969 1155 1050 χερσί
1176 987 1249 1049 μου.
1296 967 1400 1051 πέρας
1421 959 1560 1053 λαλήσω

221 1056 309 1132 σέπ’
335 1061 436 1142 ἔθνος
462 1068 517 1131 καί
544 1067 717 1148 βασιλείαν
744 1068 807 1132 τοῦ
833 1064 947 1149 ἐξᾶραι
973 1056 1097 1144 αὐτοὺς
1117 1067 1172 1130 καὶ
1195 1068 1258 1132 τοῦ
1280 1058 1479 1146 άπολλιίειν,
1505 1070 1562 1134 καί

256 1165 450 1248 ἐπιστρέψει
472 1158 513 1232 τὸ
536 1165 638 1244 ἔθνος
659 1165 766 1232 ἐκεῖνο
789 1157 857 1234 άπὸ
879 1165 953 1230 τῶν
974 1167 1092 1230 κακῶν
1115 1155 1233 1231 αδτῶν
1249 1152 1299 1232 ῶν
1314 1157 1461 1249 ἐλάλησα
1475 1159 1562 1249 πρὸς

257 1256 355 1346 αδτά,
383 1267 438 1332 καί
463 1256 664 1350 μετανοήσω
693 1257 760 1332 άπὸ
787 1265 862 1332 τῶν
887 1265 1006 1330 κακῶν
1033 1251 1084 1330 ῶν
1109 1256 1313 1350 ἐλογισάμην
1338 1265 1401 1330 τοῦ
1423 1266 1563 1350 ποιήσαι

256 1356 381 1441 αὐτοῖς.
408 1364 465 1430 καί
478 1365 583 1449 πέρας
598 1356 737 1450 λαλήσω
752 1362 807 1430 ἐπί
823 1362 925 1440 ἔθνος
939 1366 995 1429 καὶ
1009 1365 1180 1443 βασιλείαν
1189 1365 1252 1432 τοῦ
1267 1355 1563 1449 (ἐνοικοδομεῖσθαι

255 1465 311 1531 καί
336 1456 600 1546 καταφυτεάειν,
630 1465 686 1530 καὶ
716 1456 896 1548 ποιήσουσι
921 1457 965 1530 τά
991 1459 1126 1550 πονηρά
1152 1462 1311 1530 ἐναντίον
1337 1487 1402 1548 μου
1428 1466 1491 1530 τοῦ
1517 1458 1562 1550 μή

205 1571 238 1626 10
256 1553 396 1631 άκοῦσαι
415 1565 477 1649 τῆς
497 1563 616 1648 φωνῆς
630 1587 704 1648 μου,
720 1566 776 1628 καὶ
790 1555 991 1648 μετανοήσω
1006 1566 1083 1649 περὶ
1098 1565 1173 1630 τῶν
1188 1553 1334 1648 άγαθῶν
1349 1550 1399 1630 ῶν
1414 1556 1561 1648 ἐλάλησα

256 1663 319 1728 τσῦ
345 1663 483 1748 ποιήσαι
510 1653 640 1742 αὐτοῖς,
668 1665 748 1748 φησί
774 1657 918 1748 κύριοςι.
969 1665 1074 1760 τμῦτο
1101 1656 1143 1730 τὸ
1171 1657 1259 1730 κατὰ
1285 1656 1350 1729 τὸν
1376 1659 1474 1730 οίκον
1498 1664 1562 1730 τοῦ

254 1762 426 1847 κεραμέως
448 1752 584 1847 δρῶμεν
605 1752 835 1847 άναφέρεσθαι
856 1753 917 1830 οδκ
939 1761 994 1829 ἐπί
1015 1784 1093 1828 τινα
1115 1764 1190 1829 τῶν
1211 1753 1291 1828 καθ’
1314 1759 1387 1842 ἔνα,
1409 1751 1484 1830 ἀλλ’
1507 1762 1562 1829 ἐπὶ
1633 1799 1638 1812 ·

255 1855 315 1929 δύο
337 1859 434 1946 ἔθνη·
467 1863 556 1946 λέγει
581 1855 645 1947 γάρ
667 1853 852 1948 ἀρξάμενος
873 1850 960 1946 (ὅτι)
982 1863 1096 1946 μέλλει
1116 1863 1227 1947 λέγειν
1247 1864 1326 1947 περὶ
1347 1861 1478 1942 ἐθνῶν,
1506 1859 1562 1952 ίνμ

255 1985 289 2026 τι
309 1952 465 2043 δποβάλη
493 1976 564 2038 τοῖς
591 1960 789 2046 δυναμένοις
811 1951 947 2028 άκσδειν
968 1950 1179 2047 άπορρήτων
1199 1964 1410 2048 μυστηρίων·
1441 1961 1562 2045 »πέρας

204 2075 236 2130 15
254 2054 393 2147 λαλήσω
416 2059 471 2127 ἐπὶ
492 2057 624 2136 ἔθνοςι.
661 2053 752 2145 ζήτει
773 2063 829 2126 καὶ
851 2054 891 2127 τδ
913 2061 1018 2148 πέρας
1038 2062 1096 2126 καὶ
1114 2053 1155 2126 τδ
1171 2051 1343 2147 πρότερον
1358 2058 1468 2140 ἔθνος,
1491 2051 1560 2145 <ἐφ’
1587 2093 1589 2099 ·

254 2149 404 2244 δλαλεῑ>
427 2154 469 2226 τά
492 2161 553 2245 τῆς
575 2150 747 2238 άπωλείας
768 2154 822 2227 διά
842 2156 904 2239 τάς
925 2151 1089 2248 άμαρτίας
1111 2152 1240 2227 αδτῶν·
1270 2163 1326 2226 καί
1348 2151 1497 2245 λαλήσας
1518 2153 1562 2227 τά

254 2260 316 2346 τῆς
342 2249 513 2337 άποσλείας
539 2254 594 2326 διὰ
621 2254 683 2338 τὰς
706 2250 884 2346 άμαρτίας,
910 2253 1011 2328 οὐδὲν
1032 2248 1140 2346 ήττον
1161 2259 1403 2344 ἐπαγγέλλεται
1425 2249 1481 2325 ὅτι
1503 2252 1562 2326 ἐὰν

253 2352 502 2444 μετανοήσωσι,
528 2350 728 2443 μετανοήσει
754 2361 831 2445 περὶ
858 2361 932 2425 τῶν
958 2361 1075 2427 κακῶν
1103 2347 1154 2426 ὦν
1177 2350 1317 2444 ἐλάλησε
1340 2361 1403 2425 τοῦ
1423 2359 1563 2443 ποιήσαι

255 2451 378 2538 αὐτοῖς.
420 2461 476 2525 καὶ
497 2450 604 2526 πάλιν
626 2461 721 2526 λαλει
740 2451 792 2527 ἐπ’
814 2453 898 2526 άλλο
922 2458 1024 2536 ἔθνος
1046 2453 1205 2543 δεύτερον
1230 2461 1310 2524 »τοῦ
1332 2449 1560 2542 ἀνοικοδομεῖ-

203 2571 237 2627 20
254 2562 335 2624 σθαι
355 2560 412 2626 καί
433 2560 496 2624 τοῦ
517 2551 829 2640 καταφυτεύεσθαιι
856 2547 940 2626 ὅλον
963 2557 1077 2636 ἔθνος·
1097 2561 1154 2625 καί
1169 2558 1241 2625 ἐπεὶ
1255 2560 1361 2625 τοῦτο
1377 2551 1451 2642 <τδ>
1468 2549 1559 2624 άνοι·

168 2665 239 2722 299v
254 2651 507 2742 κοδομούμενον
532 2659 588 2722 καί
613 2649 938 2744 καταφυτευόμενον
964 2655 1067 2735 ἔθνος
1092 2657 1294 2742 ἐπαγγελίαν
1319 2655 1385 2742 ἔχει
1406 2649 1529 2742 καλήν,
1554 2655 1557 2742 ί

255 2750 397 2823 δύναται
419 2758 454 2823 δὲ
476 2746 697 2842 άμαρτάνειν,
721 2760 803 2843 φησί
823 2752 908 2842 μετὰ
930 2750 971 2823 τὸ
995 2759 1136 2843 λαλῆσαι
1158 2759 1280 2837 ταῦτα,
1303 2753 1362 2823 ἐὰν
1384 2747 1560 2823 άποστῶσι

256 2858 330 2922 τῶν
352 2855 463 2942 ἔργων
485 2858 559 2922 τῶν
580 2847 734 2941 άγαθῶν·
760 2849 978 2942 »μετανοήσω
1000 2859 1077 2940 περὶ
1098 2857 1172 2923 τῶν
1188 2846 1332 2940 άγαθῶν
1348 2843 1399 2922 ῶν
1414 2847 1561 2939 ἐλάλησα

257 2957 320 3023 τοῦ
340 2957 479 3042 ποιήσαι
502 2948 647 3033 αὕτσίςι.

205 3072 238 3126 25
343 3059 422 3122 Τίνα
444 3041 506 3124 οὖν
528 3048 571 3120 τά
594 3049 653 3122 δύο
676 3055 771 3141 ἔθνη,
793 3049 833 3123 τὸ
848 3049 1022 3142 πρότερον
1042 3049 1235 3141 ὀνομασθὲν
1258 3043 1286 3142 ᾦ
1310 3046 1441 3122 άπειλεί
1461 3045 1480 3122 δ
1502 3048 1559 3122 λό-

256 3179 327 3238 γος,
358 3159 414 3221 καὶ
445 3148 486 3220 τὸ
517 3147 675 3240 δεύτερον
698 3142 728 3242 ᾧ
755 3154 1011 3241 ἐπαγγέλλεται;
1054 3145 1185 3222 άπειλει
1212 3157 1367 3240 μέντοιγε
1398 3147 1500 3235 ὥστε,
1532 3152 1561 3220 εί

255 3246 477 3340 μετανοήσαι,
510 3248 554 3339 μή
584 3255 722 3340 ποιήσαι
751 3249 795 3320 τά
825 3255 886 3340 τῆς
917 3245 1065 3339 άπειλής.
1120 3253 1362 3339 ἐπαγγέλλεται
1392 3246 1495 3333 ὥστε,
1532 3253 1560 3320 εί

255 3355 437 3438 μεταπέσοι
458 3357 514 3420 καὶ
536 3349 633 3436 ἄξιον
654 3350 699 3441 μή
720 3355 855 3440 γένοιτο
878 3347 919 3420 τὸ
943 3347 1104 3440 δεύτερον
1125 3353 1228 3432 ἔθνος
1250 3355 1326 3418 τῶν
1339 3351 1559 3438 ἐπαγγελιῶν,

255 3447 299 3538 μή
330 3446 506 3534 τεύξεσθαι
537 3445 662 3520 αὐτῶν.
713 3457 789 3539 περί
820 3447 880 3520 δύο
909 3445 1054 3537 μάλιστα
1081 3451 1198 3520 ἐθνῶν
1223 3445 1399 3538 πρόκειται
1425 3443 1559 3536 πᾶσαή

204 3567 238 3623 30
255 3553 432 3635 οἰκονομία
458 3555 522 3619 τοῦ
547 3554 632 3620 θεοῦ
659 3567 731 3631 τοῖς
752 3553 790 3620 ἐν
811 3557 862 3640 τῷ
884 3543 999 3638 κόσμῳ
1023 3543 1232 3639 άνθρῶποις.
1278 3553 1395 3638 γέγονε
1416 3553 1561 3636 πρῶτον

254 3649 358 3728 ἔθνος
379 3651 487 3720 ἐκεῖνο
507 3642 527 3719 δ
547 3643 684 3740 Ἰσραήλ,
707 3647 866 3740 δεύτερον
881 3643 950 3720 άπὸ
966 3654 1028 3738 τῆς
1043 3655 1194 3739 Χριστοῦ
1209 3651 1382 3738 ἐπιδημίας
1397 3653 1502 3719 τοῦτο
1519 3645 1560 3718 τὸ

256 3749 366 3827 ἔθνος.
414 3752 466 3836 τῷ
487 3754 646 3839 προτέρῳ
669 3745 850 3839 ἠπείλησεν
871 3742 891 3819 δ
912 3746 994 3830 θεὸς
1016 3744 1037 3817 ά
1058 3743 1227 3839 ἠπείλησε,
1249 3754 1305 3818 καὶ
1326 3751 1495 3836 βλέπομεν
1517 3744 1560 3815 τὰ

256 3850 317 3934 τῆς
332 3840 473 3936 άπειλής
488 3854 551 3920 τοῦ
565 3853 735 3939 προτέρου
751 3851 884 3929 ἔθνους·
900 3851 938 3920 ἐν
946 3853 1154 3938 αἰχμαλωσίᾳ
1164 3853 1348 3938 γεγένηται,
1363 3841 1560 3935 κατεσκάφη

256 3941 372 4015 αδτῶν
387 3941 408 4035 ἡ
422 3941 531 4031 πόλις,
552 3953 731 4038 καθῃρέθη
753 3945 794 4018 τὸ
813 3941 966 4035 άγίασμα,
989 3945 1030 4016 τὸ
1045 3943 1290 4036 θυσιαστήριον
1304 3952 1560 4035 καταβέβληται,

203 4065 237 4119 35
256 4040 354 4116 οὐδὲν
377 4049 427 4114 ἔτι
449 4044 592 4136 σῴζεται
614 4052 687 4118 τῶν
708 4043 815 4120 πάλαι
836 4051 971 4135 σεμνῶν
991 4041 1070 4136 παρ’
1094 4041 1216 4127 αὐτοῖς.
1251 4047 1342 4134 ἐλεγε
1363 4044 1426 4136 γὰρ
1442 4049 1560 4132 ἐκείνῳ

341 4231 417 4290 m.
436 4232 500 4304 vgl.
518 4233 593 4292 Hier.
612 4235 715 4292 comm.
733 4235 791 4291 969.

342 4399 540 4468 lz-s.156,8
557 4404 657 4460 Hierzu
669 4404 776 4474 Fragm.
790 4405 823 4459 76
834 4401 864 4458 in
876 4401 908 4456 0:
929 4399 1261 4472 Οὐκ-καταφυτείσεως
1275 4403 1279 4470 Ι
1298 4402 1334 4458 12
1347 4420 1410 4458 τινα
1424 4401 1444 4455 G
1456 4420 1511 4456 τινι
1523 4401 1540 4456 S
1555 4403 1558 4470 Ι

257 4484 296 4541 19
314 4477 358 4540 δτι
374 4486 419 4539 Hu
438 4487 443 4554 Ι
463 4487 502 4544 15
523 4489 605 4558 ζήτει]
629 4491 707 4558 ζητεῖ
725 4489 743 4543 S
766 4489 771 4556 1
797 4487 882 4556 1ἔί19
904 4481 949 4557 ἐφ’
967 4483 984 4542 δ
1001 4488 1089 4556 λαλεῖ]
1114 4489 1185 4542 nach
1203 4485 1230 4540 Z.
1249 4488 1281 4543 19
1300 4488 1363 4557 1,17
1388 4483 1560 4557 ἀπαγγέλλε·

255 4587 301 4624 ται
319 4567 352 4623 S*
372 4565 573 4641 ἐπαγγέλλεται
590 4571 670 4626 Swrr·
688 4572 754 4642 (vgl.
767 4573 793 4627 Z.
806 4572 849 4640 21)
873 4575 877 4639 1
902 4572 942 4627 99
960 4568 1022 4627 ἐπεί
1040 4571 1083 4626 Gh
1099 4569 1145 4627 ἐπί
1163 4571 1301 4640 8129199
1324 4561 1346 4646 ᾧ
1431 4559 1454 4645 ᾧ
1473 4570 1560 4626 ohco

256 4655 323 4726 (ng.
341 4652 366 4706 S.
386 4655 442 4720 160,
460 4655 502 4712 24.
519 4656 562 4724 25)
580 4650 621 4722 ίυς
702 4647 743 4712 ὧν
760 4655 851 4726 81⁸1
871 4653 962 4711 έκεῖνο
976 4651 1003 4725 δ]
1022 4656 1078 4726 vgl.
1097 4657 1123 4710 Z.
1142 4659 1175 4712 35
1193 4652 1302 4721 ἐκεῖνος
1319 4655 1344 4710 S.
