3768 5544
359 465 479 520 Homilie
497 464 570 520 VIII.
604 466 702 522 Jerem.
723 465 1143 531 10,12-14.-fl0mi11e1x.
1179 465 1444 530 Jerem.11,1-10.
1512 471 1552 533 63

248 633 379 700 ἐκείνου
404 634 510 715 λέξιν,
542 632 598 700 ίνα
623 634 752 720 ἐλέγξαι
780 636 919 720 δυνηθῶ
942 629 1007 718 τὴν
1030 633 1160 701 ἐκείνου
1182 637 1330 716 μωρίαν;
1364 623 1476 707 οὕτως
1498 631 1553 699 ἰνα

248 736 417 817 μωρανθῇ
440 725 460 818 ἡ
482 737 587 816 σοφία
609 737 673 802 τοῦ
693 728 820 820 κόσμου
839 727 975 812 τούτου,
999 727 1039 802 οῦ
1060 737 1150 817 χρεία
1174 735 1234 818 τῆς
1253 736 1375 815 σοφίας
1391 734 1454 800 τοῦ
1468 734 1554 800 θεοῦ

249 825 498 916 ἀγωνιζομένης
527 829 614 917 πρὸς
644 827 752 920 αὐτήν
784 826 882 919 (αῦτη
913 829 975 918 γὰρ
1005 827 1100 900 κάτω
1128 833 1245 916 ἐστίν),
1277 825 1362 900 ἀλλὰ
1390 823 1484 916 ἀρκεῖ
1511 827 1552 900 τό

248 927 364 1016 μωρὸν
392 933 456 1000 τοῦ
476 935 574 1013 θεοῦ,
606 922 661 1001 ότι
679 930 745 1002 ,ετό
767 929 885 1019 μωρόν
907 937 972 1001 τοῦ
992 937 1078 1001 θεοῦ
1100 927 1302 1017 σοφώτερον
1324 936 1398 1000 τῶν
1421 923 1554 1016 ἀνθρῶ-

214 1052 328 1104 σπων
355 1033 461 1113 ἐστίν,
491 1035 547 1100 καὶ
574 1029 614 1102 τό
642 1022 784 1113 ἀσθενές
811 1036 873 1100 τοῦ
898 1036 983 1100 θεοῦ
1017 1026 1236 1118 ἰσχυρότερον
1258 1034 1333 1098 τῶν
1352 1024 1554 1114 ἀνθρώπων

249 1134 370 1200 ε’στίνι.
412 1137 468 1201 καὶ
495 1127 610 1200 πάντα
637 1129 681 1200 τὰ
706 1133 846 1200 ἐναντία
872 1124 890 1200 ό
918 1127 1032 1219 σωτήρ
1058 1156 1124 1217 μου
1148 1135 1204 1200 καί
1225 1127 1341 1217 κύριος
1363 1123 1554 1216 ἀνείληφεν,

250 1233 305 1300 ἵνα
327 1248 400 1312 τοῑς
421 1233 591 1312 ἐναντίοις
613 1227 695 1315 λῦση
717 1229 762 1300 τὰ
782 1232 930 1310 ἐναντία,
952 1235 1006 1301 καί
1030 1224 1122 1317 ἡμεῖς
1143 1233 1463 1317 ίσχυρσποιηθῶμεν
1484 1223 1553 1299 ἀπὸ

251 1335 311 1419 τῆς
338 1326 515 1411 ἀσθενείας
536 1325 640 1418 Ἰησοῦ
665 1337 721 1400 καὶ
748 1335 968 1417 σοφισθῶμεν
996 1324 1064 1400 ἀπὸ
1087 1335 1151 1399 τοῦ
1171 1332 1289 1417 μωροῦ
1311 1333 1373 1398 τοῦ
1394 1333 1479 1398 θεοῦ
1499 1335 1555 1399 καὶ

249 1435 462 1517 εἰσαχθέντες
481 1433 520 1500 έν
541 1427 680 1511 τούτοις
702 1433 906 1517 δυνηθῶμεν
927 1425 1093 1516 ἀναβῆναι
1114 1435 1170 1500 ἐπὶ
1184 1426 1249 1516 τὴν
1265 1434 1399 1514 σοφίαν,
1422 1431 1476 1497 ἐπὶ
1492 1425 1555 1514 τὴν

201 1546 233 1600 10
251 1529 345 1618 ἰσχύν
366 1535 431 1601 τοῦ
452 1534 551 1612 θεοῦ,
575 1527 726 1616 Χριστόν
746 1524 886 1616 Ἰησοῦν,
914 1519 943 1618 ᾧ
963 1531 1056 1599 ἐστιν
1077 1523 1097 1618 ἦ
1120 1526 1201 1615 δόξα
1222 1535 1278 1597 καί
1299 1525 1340 1598 τό
1362 1524 1487 1615 κρότος
1510 1532 1556 1609 εἰς

251 1628 333 1711 τοῦς
355 1630 490 1710 αἰῶνας.
531 1623 640 1717 Ἀμήν.

257 2195 325 2273 Εἰς
354 2189 401 2264 τό
432 2189 470 2264 »ό
504 2185 628 2292 λόγος
656 2188 675 2263 ό
703 2185 939 2291 γενόμενος
968 2188 1073 2285 πρὸς
1100 2189 1175 2263 τόν
1199 2188 1412 2285 Ἱερεμίαν
1443 2185 1556 2282 παρὰ

253 2323 408 2422 κυρίου
444 2325 597 2426 λέγων·
639 2321 857 2399 ἀκούσατε
897 2324 998 2408 τοὺς
1038 2322 1193 2427 λόγους
1231 2331 1305 2417 τῆς·
1345 2320 1559 2416 διαθήκης

252 2457 429 2554 ταύτηςι
454 2461 579 2558 μέχρι
605 2467 684 2535 τοῦ
709 2457 1061 2559 »ἐπεστράφησαν
1088 2459 1154 2534 ἐπὶ
1178 2457 1256 2542 τοίς
1283 2458 1559 2541 ἀδικίαςτῶν

206 2619 236 2672 15
534 2596 907 2694 πατέρωναύτῶν
933 2604 1021 2670 τῶν
1046 2592 1288 2691 πρότερονι.

794 2829 939 2924 Ὁμιλιά
969 2827 1017 2904 θ’.

342 3036 368 3096 1.
392 3025 490 3096 Κατὰ
510 3031 574 3113 μέν
597 3025 661 3116 τὴν
676 3027 921 3115 ίστορουμένην
935 3033 1123 3114 παρουσίαν
1138 3032 1200 3095 τοῦ
1214 3031 1333 3112 κυρίου
1347 3020 1444 3114 ἡμῶν
1457 3019 1562 3112 Ἰησοῦ

258 3129 409 3209 Χριστοῦ
431 3133 569 3213 γέγονεν
592 3122 699 3197 αὐτοῦ
721 3121 742 3214 ἡ
763 3128 920 3214 ἐπιδημία
941 3133 1142 3214 σωματικῶς
1162 3122 1331 3213 καθοίική
1353 3153 1404 3207 τις
1423 3131 1479 3196 καί
1493 3127 1562 3197 ἐπι-

258 3219 417 3312 λάμφασα
449 3217 520 3312 όίῳ
552 3232 603 3315 τῷ
633 3223 761 3314 κόσμῳ,
798 3217 856 3296 ότε
890 3219 927 3296 »ό
954 3223 1055 3314 λόγος
1081 3225 1164 3314 σὰρξ
1185 3228 1317 3314 ἐγένετο
1339 3230 1394 3295 καί
1415 3223 1562 3315 ἰσκήνω·

206 3339 240 3394 20
258 3345 314 3393 σεν
336 3325 373 3394 ἐν
397 3319 510 3412 ἡμῑνι·
544 3316 621 3413 »ἢνι
646 3323 709 3413 γὰρ
724 3323 793 3397 Ιντό
816 3330 891 3410 φῶς
912 3324 955 3397 τό
977 3321 1145 3416 ἀληθινὸν
1167 3317 1186 3395 ό
1207 3331 1347 3424 φωτίζει
1368 3321 1484 3396 πάντα
1506 3323 1563 3396 ἀν-

259 3434 407 3509 θρωπον
429 3422 612 3512 ἐρχόμενον
634 3429 681 3507 εἰς
702 3423 766 3496 τόν
787 3423 923 3515 κόσμον.
965 3429 1003 3497 ἐν
1025 3431 1076 3514 τῷ
1098 3422 1214 3514 κόσμῳ
1237 3425 1294 3512 ἦν,
1320 3428 1377 3494 καί
1399 3418 1418 3495 ό
1439 3420 1564 3513 κόσμος

259 3517 299 3592 δι’
323 3517 430 3594 αὐτοῦ
451 3527 596 3611 ἐγένετο,
613 3527 624 3612 ss
639 3531 695 3595 καί
717 3519 737 3594 ό
754 3521 878 3615 κόσμος
900 3521 1007 3596 αῦτόν
1030 3521 1091 3597 οῦκ
1111 3527 1207 3613 ἔγνω.
1242 3529 1289 3607 εἰς
1304 3521 1346 3594 τό
1361 3527 1429 3595 ἰδια
1444 3515 1563 3612 ἦλθεν,
1585 3539 1635 3592 171

258 3627 310 3691 καὶ
337 3625 370 3693 σί
393 3625 475 3694 ἰδιοι
494 3618 600 3695 αὐτόν
616 3619 658 3695 οῦ
672 3631 895 3712 παρέλαβονι.
936 3623 998 3714 χρὴ
1013 3629 1168 3712 μέντοιγε
1186 3629 1308 3694 εἰδέναι
1331 3617 1385 3694 ότι
1407 3630 1462 3694 καί
1482 3621 1565 3711 πρό-

259 3749 361 3810 τερον
391 3719 560 3812 ἐπεδήμει,
592 3728 621 3793 εἰ
651 3730 707 3794 καί
737 3723 781 3813 μὴ
804 3731 1020 3812 σωματικῶς,
1046 3727 1084 3795 ἐν
1107 3721 1238 3812 ἑκάστῳ
1260 3729 1335 3794 τῶν
1357 3719 1479 3812 ἆγίων,
1508 3729 1565 3795 καί

208 3837 241 3892 2ο
259 3819 343 3908 μετὰ
371 3819 436 3910 τὴν
464 3826 642 3911 ἐπιδημίαν
668 3819 775 3896 αῦτοῦ
801 3822 930 3912 ταύτην
952 3822 1017 3912 τὴν
1038 3829 1249 3911 βλεπομένην
1270 3819 1373 3894 πόλιν
1395 3817 1473 3913 ἡμῖν
1495 3827 1565 3894 ἐπι-

260 3924 362 4008 δημει
405 3927 460 3991 καὶ
482 3925 512 3992 εἰ
532 3919 648 4006 βούλει
668 3921 805 3994 τούτων
827 3919 998 4009 ἀπόδειξιν
1021 3929 1142 4006 λαβεῖν,
1164 3919 1304 4010 πρόσεχε
1327 3928 1378 4011 τῷ
1404 3917 1441 3993 »ό
1463 3918 1565 4009 λόγος

175 4014 280 4094 24316
307 4016 488 4110 γενόμενος
513 4020 600 4110 πρὸς
620 4017 775 4112 Ἱερεμίαν
801 4028 805 4112 Ι
832 4021 924 4112 παρὰ
949 4029 1067 4110 κυρίου
1090 4028 1210 4111 λέγων·
1236 4017 1419 4093 ἀκούσατε(
1444 4019 1564 4094 καὶτὰ

347 4256 366 4312 4
384 4257 473 4312 IKor.
486 4259 510 4325 1,
522 4259 564 4314 25.
582 4289 615 4299 -
634 4259 673 4315 19
691 4259 844 4328 Joh,1,14.
861 4289 895 4300 -
913 4259 954 4314 20
971 4258 1033 4314 Joh.
1045 4261 1068 4324 1,
1080 4260 1171 4315 9-11.
1190 4289 1223 4298 -
1241 4258 1281 4315 24
1299 4258 1474 4331 vgl.1(01.2,
1491 4261 1516 4315 9.

346 4455 471 4527 δαίτην
488 4458 560 4514 οεοῦ
577 4459 616 4514 H:
635 4460 719 4530 (own)
737 4477 768 4514 ea
786 4457 873 4516 αὐτόν
891 4461 908 4516 S
924 4463 928 4528 Ι
948 4457 1027 4530 αῦτη]
1045 4456 1115 4530 αὐτη
1133 4462 1151 4517 S
1168 4477 1238 4530 ηιιαε
1254 4459 1280 4514 Η
1299 4454 1368 4529 αῦτη
1387 4457 1425 4515 Co
1444 4461 1449 4527 Ι
1470 4459 1507 4515 11
1527 4455 1568 4514 αἰ·

263 4539 347 4610 ὦσας]
367 4544 584 4604 Mamm-um
601 4545 627 4599 Η
646 4546 650 4613 1
670 4538 761 4615 Ἀμήν]
780 4539 922 4615 -1-δμιλία
940 4539 965 4615 η’
984 4546 1001 4600 S
1021 4550 1025 4615 Ι
1046 4547 1085 4601 18
1102 4544 1193 4617 λέγων
1212 4546 1250 4601 Co
1267 4545 1341 4599 Lxx
1357 4545 1450 4598 dicens
1467 4543 1493 4598 H
1510 4541 1568 4601 ἀπὸ

262 4626 320 4680 τῶν
338 4625 355 4680 S
375 4629 380 4694 Ι
401 4629 438 4684 16
455 4627 582 4684 Ηωπίἰίο
599 4629 673 4684 VIH
693 4629 824 4699 120-28
842 4625 1092 4703 ἣν-παρέλαβον]
1110 4629 1253 4698 <Η121
1273 4626 1423 4698 ἀκούσατε]
1442 4627 1520 4682 Audi
1535 4627 1569 4683 E
