3702 5540
343 441 380 501 10
779 429 921 503 Origenes'
938 430 1199 488 Jeremiahomilien.

342 608 387 667 11.
410 602 485 678 πῶς
507 601 606 682 λέγει·
632 594 717 694 »πρὸ
739 601 802 666 τοῦ
823 623 863 685 με
877 591 1003 665 πλάσαι
1017 615 1052 664 σε
1067 597 1104 665 ἐν
1117 602 1230 684 κοιλίᾳ
1245 598 1424 681 ἐπίσταμαί
1438 618 1483 680 σε,
1505 603 1562 668 καὶ
1576 595 1644 718 πρὸ

340 701 404 767 τοῦ
430 719 465 766 σε
491 698 641 780 ἐξελθεῖν
667 697 704 764 ἐκ
724 692 853 784 μήτρας
874 689 994 783 ῆγίακύ
1015 717 1086 777 σει;
1117 722 1136 764 ο
1158 691 1238 776 θεσς
1261 695 1371 784 έαυτῷ
1394 691 1519 785 ἁγιάζει
1540 695 1644 780 τινάς.

340 801 466 867 τοῦτον
493 791 534 866 ού
559 800 779 884 περιέμεινεν,
813 797 868 864 ίνα
895 790 1046 865 ἐλθόντα
1073 798 1119 875 είς
1139 798 1269 880 γένεσιν
1291 790 1422 884 ἁγιάση,
1457 793 1544 868 ἀλλὰ
1564 805 1645 885 πρὶν
1693 835 1696 842 ·

339 899 489 980 ἐξελθεῖν
523 899 560 965 ἐκ
593 892 722 984 μήτρας
754 889 818 984 ήδη
845 889 987 983 ἡγίασεν
1036 891 1095 964 ἐὰν
1121 898 1175 964 ἐπὶ
1202 893 1266 965 τὸν
1292 901 1429 984 σωτῆρα
1465 893 1643 1016 ἇναφέρρς,

305 991 380 1066 σού
405 994 554 1083 χαλεπὸν
581 986 750 1077 είπεῖν,“
731 1022 787 1065 οτι
812 1000 893 1079 πρίν
919 997 1069 1079 ἐξελθεῖν
1095 995 1132 1062 ἐκ
1157 990 1285 1083 μήτρας
1307 989 1468 1083 ηγίασται
1504 994 1616 1067 ἐπὶ
1581 1025 1643 1068 τον

338 1099 476 1184 σωτῆρα
503 1093 562 1165 ἐὰν
589 1089 771 1182 ἆναφέρης,
803 1087 845 1164 ού
864 1088 977 1180 μόνον
1003 1099 1085 1181 πρὶν
1110 1097 1260 1179 ἐξελθεῖν
1282 1089 1450 1183 ἡγίασται
1481 1092 1566 1167 ἀλλὰ
1588 1103 1643 1166 καὶ

338 1197 388 1266 ἐτι
410 1190 581 1283 πρότερον
604 1190 765 1284 ήγίασται.
802 1185 903 1276 οὗτος
927 1185 1005 1263 σε’
986 1221 1004 1262 ο
1019 1185 1171 1281 Ἱερεμίας
1193 1199 1274 1282 πρὶν
1297 1196 1446 1281 ἐξελθεῖν
1462 1199 1499 1265 ἐκ
1514 1192 1643 1285 μήτρας

338 1291 501 1384 ἡγίασται.
548 1305 594 1366 12.
620 1291 821 1383 »προφήτην
844 1298 889 1375 εἰς
911 1293 996 1380 ἐ’θνη
1019 1289 1155 1362 τέθεικά
1175 1315 1239 1362 σει.
1268 1297 1323 1364 ἐπὶ
1343 1300 1406 1364 τοῦ
1419 1290 1570 1384 Ἰερεμίου
1584 1295 1643 1369 ἐὰν

337 1391 549 1483 ύναζητήσης
571 1391 612 1464 τὸ
638 1391 839 1484 »προφήτην
853 1398 899 1475 είς
913 1392 997 1480 ἔθνη
1015 1388 1151 1463 τέθεικά
1166 1415 1231 1478 σει,
1254 1390 1403 1482 τήρησον
1417 1397 1455 1464 ἐν
1471 1415 1543 1479 τοῖς
1558 1396 1641 1487 ἑξῆς,

287 1504 319 1558 10
338 1487 393 1565 ὅτι
413 1492 584 1565 κελεύεται
605 1498 838 1583 προφητεῦσαι
863 1495 935 1561 »ἐπὶ
957 1488 1072 1563 πάντα
1093 1490 1265 1582 τύιέθνηι,
1287 1500 1344 1563 καὶ
1363 1494 1642 1585 ἐστιπρογραφῆ·

340 1589 389 1662 »ιᾺ
409 1591 666 1683 προεφήτευσεν
681 1589 830 1682 Ἱερεμίας
852 1595 906 1662 ἐπὶ
928 1588 1042 1662 πάντα
1064 1591 1106 1662 τὰ
1127 1593 1232 1678 ἐθνηι
1258 1600 1301 1681 τῆ
1320 1593 1478 1682 »Auem«,
1506 1604 1566 1684 »τῆ
1581 1603 1641 1666 Δα-

335 1698 483 1783 μασκῷι,
510 1699 570 1782 »τῆ
592 1688 730 1776 Μωᾶβι.
765 1699 820 1763 καὶ
842 1693 973 1780 ἔχομεν,
1006 1684 1060 1762 ὅτι
1090 1688 1360 1781 »προεφήτευσεν
1386 1697 1439 1764 ἐπὶ
1462 1691 1577 1766 πάντα
1599 1694 1640 1766 τὰ

336 1793 452 1882 ἔθνηι,
475 1789 523 1875 οἷς
538 1791 623 1882 πρὸς
645 1789 686 1862 τὸ
708 1789 816 1882 ῥητὸν
838 1785 893 1862 ὅτι
918 1788 1118 1880 »προφήτην
1141 1797 1186 1874 είς
1208 1793 1292 1881 ἔθνη
1317 1791 1455 1864 τέθεικά
1476 1816 1529 1865 σει
1554 1792 1640 1882 πρὸς

336 1895 473 1964 ἐκεῖνον.
516 1891 575 1964 ἐὰν
598 1898 633 1964 δὲ
654 1889 738 1980 πρὸς
760 1888 952 1981 ἀναγωγήν,
975 1888 1035 1962 ἐὰν
1055 1897 1116 1980 μὲν
1137 1895 1194 1961 ἐπὶ
1215 1898 1278 1961 τοῦ
1298 1888 1462 1982 Ἱερεμίου,
1485 1891 1640 1983 προειρῆ-

285 2003 317 2055 15
334 2019 449 2080 καμεν,
472 1989 531 2062 ἐὰν
553 1995 588 2062 δὲ
610 1995 665 2063 ἐπὶ
688 1997 751 2062 τοῦ
772 1997 936 2080 σωτῆρος,
959 1996 993 2061 τί
1015 1996 1065 2061 δεῖ
1084 1997 1140 2061 καὶ
1156 1996 1279 2080 λέγειν;
1301 1984 1402 2076 οὗτος
1418 1989 1559 2084 ἀληθῶς
1584 1999 1638 2064 ἐπὶ

335 2087 449 2162 πάντα
478 2089 520 2163 τὰ
547 2093 632 2181 ἔθνη
660 2088 923 2180 προεφήτευσεν·
957 2091 1027 2161 ἔστι
1054 2088 1116 2178 γὰρ
1144 2087 1257 2180 ὥσπερ
1284 2089 1372 2163 ἄλλα
1396 2100 1496 2180 μυρία
1526 2089 1638 2174 ούτως

334 2197 389 2262 καί
411 2189 599 2280 προφήτης.
638 2187 686 2272 ιύς
707 2195 799 2262 ἐστιν
820 2187 996 2279 ἀρχιερεύς,
1020 2187 1067 2272 ὥς
1090 2195 1160 2261 ἐστι
1182 2187 1308 2280 σωτήρ,
1332 2187 1379 2273 ὥς
1400 2194 1492 2262 ἐστιν
1515 2189 1639 2279 ίατρύς,

335 2284 448 2372 ούτως
469 2298 524 2362 καὶ
545 2288 733 2380 προφήτης.
766 2295 893 2378 Μωσῆς
912 2295 995 2378 γοῦν
1009 2288 1237 2378 προφητεύων
1251 2295 1327 2377 περὶ
1344 2287 1449 2361 αύτοῦ
1471 2287 1543 2378 ούχλ
1557 2319 1639 2378 προ-

336 2389 449 2482 φῆτην
473 2389 595 2479 μόνον,
627 2385 713 2460 ἀλλὰ
739 2395 794 2458 καὶ
816 2394 992 2475 ἐξαιρέτως
1014 2387 1106 2459 είπεν
1129 2389 1246 2460 είπαίν·
1285 2388 1486 2480 »προφήτην
1507 2395 1545 2460 ἐκ
1567 2398 1640 2461 τῶν

284 2508 317 2562 20
335 2486 495 2577 ἀδελφῶν
517 2485 681 2579 <ύμο5ν>’
660 2486 839 2578 αναστήσει
853 2484 930 2577 ύμῖν
943 2486 1057 2576 κύριος
1072 2517 1091 2558 ο
1081 2482 1232 2572 θεὸς(
1203 2519 1251 2572 ως
1265 2493 1335 2577 ἐμέ,
1352 2487 1458 2560 αύτοῦ
1472 2487 1639 2562 ἀκούσετε.

334 2594 428 2661 καῖ’Ι
412 2613 514 2674 εσται,
538 2584 575 2672 ὃς
596 2617 639 2660 av
654 2587 705 2707 μή
728 2585 852 2676 ἇκούση
875 2594 939 2660 τού
959 2584 1143 2716 προφήτου
1163 2593 1293 2660 ἐκείνου
1314 2587 1639 2680 ἐξολοθρευθῆσεται

334 2694 371 2760 ἐκ
387 2718 449 2760 του
434 2695 549 2761 λαοῦ
564 2684 699 2760 αύτοῦι.
730 2679 831 2771 οὗτος
846 2679 908 2760 οὖν
923 2682 1049 2759 ἐστιν(
1030 2717 1048 2759 ο
1063 2693 1118 2760 καὶ
1132 2685 1314 2778 προφήτης
1332 2695 1394 2772 »είς
1410 2692 1512 2778 ἔθνη(
1532 2699 1638 2760 τεθει-

333 2795 433 2879 μένος
459 2799 514 2862 καὶ
540 2791 635 2873 ἔλαβε
660 2785 759 2877 χάριν
786 2784 853 2860 ἀπὸ
881 2794 966 2860 θεοῦ
992 2791 1188 2876 ἐκχυθεῖσαν
1210 2793 1247 2858 ἐν
1269 2807 1341 2870 τοῖς
1361 2796 1502 2876 χείλεσιν
1524 2785 1638 2867 αύτού,

333 2891 387 2960 ίνα
417 2888 461 2979 μῆ
489 2884 610 2978 μόνον,
643 2881 700 2959 ὅτε
728 2893 841 2977 παρῆν
867 2893 917 2976 τῷ
944 2888 1088 2975 σώματι,
1121 2884 1207 2959 ἀλλὰ
1233 2893 1288 2959 καὶ
1311 2895 1386 2972 νῦν,
1419 2882 1477 2960 ὅτε
1498 2885 1638 2976 πάρεστι

247 2999 314 3057 213v
333 2985 470 3078 δυνάμει
489 2991 494 3074 Ι
512 2996 568 3058 καὶ
597 2995 648 3078 τῷ
671 2984 849 3075 πνεύματι,
858 2987 1094 3110 προφητεύη.
1105 2991 1177 3058 »ἐπὶ
1198 2983 1312 3059 παντο
1334 2987 1377 3058 τὰ
1398 2989 1518 3077 ἔθνηι,
1551 2984 1638 3058 ω’στε

332 3083 400 3158 ἀπὸ
431 3085 574 3159 πάντων
604 3115 678 3157 των
704 3082 868 3158 ἐθνῶν’
847 3085 961 3157 ανύειν
987 3083 1094 3158 αύτού
1121 3085 1185 3174 τῆν
1210 3093 1422 3176 προφητείαν
1447 3094 1502 3159 καί
1531 3089 1638 3159 ἕλκειν

331 3181 539 3274 ἀνθρώπους
560 3191 616 3256 ἐπὶ
637 3192 817 3305 σωτηρίαν.

417 3296 462 3356 13.
489 3291 571 3355 »Καὶ
599 3287 688 3356 είτια·
720 3275 812 3354 ὁύον
835 3291 982 3356 δέσποτα
1004 3285 1111 3375 κύριε,
1134 3286 1208 3357 ίιίού
1230 3283 1292 3359 ούκ
1313 3292 1491 3377 ἐπίσταμαι
1514 3294 1636 3363 λαλεῖν

331 3378 386 3456 ὅτι
408 3411 574 3471 νεωτερος
594 3384 661 3472 ἐγώ
684 3386 755 3474 είμι.
789 3391 846 3454 καὶ
868 3385 1002 3456 είτε’
960 3414 1074 3474 κυριος
1095 3384 1181 3475 πρός
1202 3412 1253 3476 με·
1282 3385 1327 3476 μῆ
1349 3381 1464 3476 λέγεο
1445 3417 1500 3460 οτι
1518 3387 1638 3458 νεώτε-

280 3498 314 3552 30
331 3513 389 3573 ρος
415 3480 481 3572 ἐγω
508 3477 637 3571 είμι,ο
618 3511 672 3553 οτι
698 3481 784 3572 πρὸς
806 3481 938 3568 πάντας
960 3481 1018 3568 069
1040 3484 1129 3575 (ἐὰν)
1153 3490 1381 3573 ἐξαποστείλω
1403 3511 1440 3559 σε
1460 3484 1637 3575 πορεύσηι.

330 3579 495 3664 πολλάκις
522 3586 672 3671 εἴπομεν,
707 3575 763 3653 ὅτι
789 3585 859 3655 ἐστι
883 3583 971 3655 κατὰ
999 3582 1062 3656 τὸν
1084 3589 1149 3657 ἐσω
1173 3585 1361 3675 ἄνθρωπον
1384 3588 1469 3658 εἶναι
1488 3593 1635 3668 παιδίον,

308 3680 395 3754 ’κᾶν
417 3687 454 3754 ἐν
475 3689 654 3771 γεροντικῆ
677 3709 727 3764 τις
748 3675 769 3770 ή
793 3680 904 3776 ἡλικίᾳ
925 3685 1096 3770 σώματος·
1120 3689 1190 3756 ἔστι
1212 3691 1249 3757 δέ
1268 3715 1355 3758 ποτε
1375 3686 1463 3758 κατὰ
1485 3685 1548 3757 τὸν
1570 3689 1635 3771 ἔξω

415 3853 431 3908 5
449 3850 514 3922 vgl.
527 3850 600 3906 Hier.
614 3851 717 3908 Comm.
731 3851 789 3907 837.
801 3883 834 3892 -
848 3853 887 3909 10
900 3853 963 3924 vgl.
977 3855 1075 3910 Jerem.
1088 3858 1128 3924 25,
1142 3858 1182 3912 14.
1196 3888 1228 3895 -
1242 3856 1356 3912 11—18
1368 3857 1465 3912 Jerem.
1479 3857 1520 3924 25,
1534 3858 1566 3911 14
1579 3856 1634 3926 vgl.

329 3939 424 4004 30,12.
444 3938 521 4003 31,1.
540 3967 572 3975 -
591 3938 624 3992 15
642 3935 705 4008 vgl.
718 3938 815 3992 Jerem.
828 3939 869 4004 25,
884 3939 923 3993 14.
941 3969 973 3978 -
992 3940 1031 3995 10
1049 3941 1129 3996 Deut.
1143 3943 1236 4008 1815.
1255 3943 1297 3997 10.
1313 3942 1347 3998 20
1359 3940 1414 4011 vgl.
1427 3943 1487 3996 Aet.
1500 3942 1525 4010 3,
1537 3941 1578 3996 22.
1593 3941 1634 3994 23.

330 4053 363 4060 -
383 4022 422 4077 23
441 4020 505 4091 vgl.
519 4021 587 4074 psal.
600 4025 641 4086 44,
659 4024 682 4076 3.
701 4052 733 4060 -
751 4021 790 4077 25
809 4021 872 4092 vgl.
885 4022 984 4078 Jerem.
996 4025 1037 4092 25,
1056 4028 1095 4079 14.
1114 4057 1146 4065 -
1164 4026 1202 4082 01
1223 4025 1286 4096 vgl.
1299 4025 1329 4080 in
1346 4025 1419 4080 Psal.
1436 4029 1468 4082 37
1487 4025 1566 4082 Hom.
1578 4029 1602 4089 4,
1619 4027 1635 4080 3

332 4106 381 4175 (Lo
395 4107 434 4170 12,
448 4104 545 4174 212f.):
563 4104 712 4172 videamus,
730 4123 765 4160 ne
783 4105 854 4160 forte
866 4106 922 4161 sint
933 4107 1042 4177 aliquae
1054 4112 1158 4165 aetates
1174 4109 1311 4164 interioris
1331 4110 1451 4165 hominis
1470 4109 1576 4164 nostri.
1590 4150 1595 4163 .
1608 4149 1634 4162 ..

329 4189 409 4244 Unde
432 4192 460 4244 ε5
481 4188 619 4243 interdum
640 4188 676 4243 ad
699 4189 771 4245 viros
784 4191 845 4260 jam
862 4193 971 4246 matura
989 4194 1079 4246 οείείο
1097 4191 1208 4260 dicitur,
1235 4193 1301 4262 quia
1317 4193 1394 4264 pueri
1417 4196 1492 4259 sunt,
1520 4201 1548 4248 et
1565 4192 1634 4258 aliis,

329 4275 394 4344 quia
412 4291 503 4338 senes,
522 4276 550 4328 et
568 4273 638 4340 aliis,
657 4274 722 4342 quia
735 4275 851 4346 juvenes
871 4278 930 4338 σία,
948 4293 974 4330 u.
987 4281 1011 4330 0.

414 4426 450 4480 10
467 4420 519 4496 ὅτι]
532 4441 596 4479 cum
607 4425 633 4479 Η
646 4425 688 4494 (=
701 4421 757 4492 ὅτε)
778 4427 782 4493 l
801 4431 853 4482 τοῦ
868 4418 1016 4498 Ἱερεμίου]
1036 4425 1091 4496 vgl.
1104 4427 1131 4482 Ζ.
1143 4429 1160 4484 8
1177 4428 1207 4482 da
1218 4427 1338 4482 Jeremia
1350 4429 1376 4482 Η
1392 4427 1444 4484 τὸν
1456 4429 1583 4502 ιερεμίαν
1596 4429 1613 4482 S
1630 4433 1634 4496 Ι

327 4503 544 4664 ᾜμμὲνὲιοοίτ
561 4509 599 4564 H:
617 4509 714 4564 vestris
734 4509 738 4576 1
758 4509 795 4564 25
812 4507 976 4579 προφητεύη
992 4510 1035 4564 Ru
1056 4509 1227 4584 προφητεύει
1243 4512 1261 4566 S
1285 4515 1289 4580 Ι
1312 4513 1346 4568 30
1364 4507 1412 4578 οὓς
1429 4509 1481 4569 ἐὰν
1498 4513 1537 4568 Lo
1555 4529 1634 4581 ρυοι-
