3694 5542
642 490 762 547 Homilie
777 494 838 548 XX.
867 492 967 549 ierem.
978 492 1019 562 20,
1031 491 1123 546 7-12.
1467 500 1523 561 191

220 659 358 741 καρδίας
380 658 553 724 διῖκνεῖται
575 657 630 725 ἐπὶ
651 652 767 727 πάντα
789 655 832 728 τά
855 652 949 740 ὀστᾶ,
970 662 1026 726 καὶ
1048 653 1280 742 διῖκνσύμενον
1302 659 1357 726 ἐπὶ
1379 653 1422 726 τὰ
1442 648 1526 726 ὀστᾶ

221 759 352 843 ἔρχεται
374 758 428 824 ἐπὶ
451 745 535 825 όλον
556 751 620 824 τόν
640 751 830 845 καιόμενον,
846 761 858 848 ΙΙ
873 763 929 828 καὶ
950 751 1064 840 οῦτιυς
1084 757 1215 843 έρχεται
1237 752 1284 838 σός
1301 753 1346 844 μὴ
1362 753 1527 827 δύνασθαι
1548 765 1599 820 274

221 851 285 924 τόν
310 847 490 941 καιόμενον
512 858 635 943 φέρειν.
673 861 725 938 τίς
751 856 806 925 ἐπὶ
825 855 942 946 τούτῳ
965 863 1017 947 τῷ
1040 862 1121 944 πυρὶ
1143 852 1282 927 δύναται
1303 860 1424 943 λέγειν·
1454 863 1526 925 »καὶ

222 948 263 1024 σύ
284 951 427 1042 δύναμαι
449 957 601 1042 φέρεινι,·
623 954 700 1026 οίδα
719 963 776 1026 καὶ
797 957 922 1044 ληστάς
944 962 1048 1028 τοῦτο
1068 954 1110 1027 τό
1132 961 1200 1044 πῦρ
1216 960 1430 1043 δυνηθέντας
1444 951 1527 1025 ύπο-

187 1065 203 1118 5
220 1069 338 1142 μεῖναι,
361 1049 425 1124 τόν
438 1049 550 1126 πόνον
566 1053 662 1144 (τόν)
678 1051 747 1126 ἀπὸ
762 1054 890 1128 τούτου
905 1062 968 1128 τοῦ
982 1051 1096 1144 πυρός.
1127 1053 1231 1136 ἀλλος
1245 1058 1337 1126 ἐστίν
1352 1049 1371 1125 ό
1386 1050 1494 1137 πόνος
1507 1051 1526 1124 ὀ

222 1147 289 1224 ἀπὸ
317 1158 382 1224 τοῦ
407 1149 528 1240 πυρός,
560 1145 601 1224 ῦν
627 1159 806 1243 διέγραψεν
832 1151 981 1245 Ἱερεμίας
1008 1161 1129 1243 λέγων·
1164 1160 1235 1224 »καὶ
1261 1158 1395 1243 ἐγένετο
1422 1159 1460 1225 ἐν
1485 1161 1527 1242 τῇ

220 1256 341 1343 καρδίᾳ
361 1281 428 1342 μου
449 1248 497 1334 οῦς
518 1259 586 1338 πῦρ
607 1250 803 1342 καιόμενον,
831 1251 1041 1343 φλεγόμενον
1062 1257 1098 1324 έν
1120 1271 1192 1335 τοῖς
1214 1247 1345 1336 ὀστέοις
1365 1280 1446 1340 μου,
1472 1261 1527 1322 καί

221 1369 378 1438 παρεῖμαι
400 1347 583 1424 πάντοθεν
603 1360 659 1423 καί
682 1349 724 1424 ού
745 1352 887 1443 δύναμαι
909 1359 1054 1443 φέρεινι.
1090 1358 1197 1424 έκεῖνο
1218 1349 1259 1422 τό
1281 1358 1349 1442 πῦρ
1371 1348 1530 1422 έκκαίειό

221 1448 336 1540 σωτὴρ
359 1445 378 1522 ό
400 1451 522 1523 είπσόν·
551 1458 636 1541 »πῦρ
662 1444 775 1541 ἦλθον
800 1461 915 1538 βαλεῖν
941 1457 996 1524 ἐπὶ
1022 1453 1087 1544 τὴν
1112 1457 1204 1542 γῆνι.
1246 1458 1303 1522 καὶ
1327 1453 1399 1521 ἐπεὶ
1421 1456 1528 1523 έκεῖνο

171 1562 205 1616 10
222 1549 263 1621 τό
289 1556 357 1638 πῦρ
383 1555 506 1622 ἐκκαίει
529 1546 548 1622 ό
571 1551 700 1642 σωτήρ,
728 1551 783 1623 διὰ
809 1557 915 1625 τοῦτο
942 1571 1015 1635 τοῖς
1042 1550 1239 1641 ἀρχομένοις
1266 1547 1402 1623 ἀκούειν
1423 1547 1531 1623 αύτσῦ

222 1647 359 1737 ἀρχεται
382 1645 450 1721 ἀπό
473 1657 538 1722 τοῦ
559 1650 741 1740 πυρόςκαὶ
763 1659 907 1741 πριῦτον
928 1657 997 1740 πῦρ
1019 1648 1132 1736 βάλλει
1155 1647 1273 1722 αῦτοῦν
1294 1653 1349 1720 ἐπὶ
1371 1648 1436 1739 τὴν
1450 1678 1529 1738 καρ-

222 1756 310 1821 δίαν·
337 1742 422 1837 όπερ
445 1744 649 1840 ὁμολογοῦσι
670 1759 791 1842 Σίμων
811 1759 865 1824 καὶ
891 1748 1047 1833 Κλεόπας
1068 1756 1223 1838 λέγοντες
1244 1752 1299 1819 ἐπὶ
1321 1767 1394 1830 τοῖς
1415 1745 1529 1838 λόγοις

222 1845 361 1937 αῦ<τοῦ>
383 1852 426 1922 τό
452 1845 542 1937 εοῦχλ
562 1846 583 1940 ἦ
599 1857 720 1939 καρδία
736 1848 832 1942 ἡμῶν
846 1857 1005 1942 καιομένη
1023 1842 1066 1940 ἦν
1081 1855 1119 1922 έν
1134 1857 1177 1938 τῇ
1194 1845 1274 1940 ὀδῷ,
1298 1845 1346 1932 σός
1361 1847 1530 1940 διήνοιγεν

222 1945 301 2036 ἡμῖν
325 1946 388 2032 τὰς
414 1947 584 2037 γραφάς«;
626 1948 749 2023 ἐνθάδε
771 1947 792 2040 ἦ
813 1956 934 2040 καρδία
958 1959 1089 2022 καίεται
1114 1955 1194 2037 πυρὶ
1217 1955 1274 2020 καί
1294 1956 1454 2037 Σίμωνος
1474 1959 1529 2021 καὶ

172 2065 204 2119 15
223 2046 370 2121 Κλεόπα.
414 2048 515 2120 ἀκουε
538 2046 726 2138 λεγόντων·
752 2047 843 2140 »σάχλ
864 2046 884 2140 ἦ
905 2056 1026 2139 καρδία
1049 2047 1146 2139 ἡμῶν
1166 2055 1327 2137 καιομένη
1349 2042 1430 2137 ἦνι,·

305 2153 379 2236 (19,)
389 2159 416 2220 9.
443 2157 496 2232 Τίς
518 2148 612 2236 ἄξιος
633 2147 697 2239 ἤδη
721 2160 833 2236 λαβεῖν
856 2154 965 2222 έκεῖνο
988 2147 1029 2220 τό
1052 2155 1119 2237 πῦρ
1141 2153 1179 2220 έν
1201 2155 1243 2237 τῇ
1262 2155 1391 2240 καρδίᾳ,
1415 2149 1528 2239 ἵναμὴ

221 2252 290 2319 έκεῖ
309 2243 394 2320 αύτό
417 2243 517 2336 λάβη;
538 2255 633 2320 θέλω
657 2247 838 2338 διαγράψαι
857 2258 910 2333 τίς
924 2254 1017 2322 ἐστιν
1033 2244 1052 2321 ό
1068 2252 1157 2338 έχοον
1170 2254 1276 2318 τοῦτο
1291 2245 1334 2318 τό
1349 2253 1417 2337 πῦρ
1433 2252 1471 2318 έν
1485 2257 1528 2337 τῇ

221 2353 349 2439 καρδίᾳ.
393 2344 584 2436 διάγραψόν
608 2376 666 2435 μοι
686 2347 747 2420 δύο
770 2345 1005 2439 ἡμαρτηκότας
1027 2347 1092 2440 τὴν
1113 2344 1221 2436 αύτὴν
1243 2351 1293 2436 τῷ
1316 2352 1403 2437 γένει
1425 2342 1528 2436 ἀμαρ-

139 2467 205 2522 320
222 2454 308 2532 τίαν,
331 2445 398 2537 τὴν
418 2443 550 2536 μιαράν,
573 2447 638 2537 τὴν
660 2444 869 2536 ἀκάζθαρτον
890 2455 1065 2537 πορνείαν,
1087 2453 1143 2518 καὶ
1164 2453 1202 2518 έν
1220 2445 1359 2529 τούτοις
1381 2465 1454 2528 τοῖς
1468 2445 1528 2516 δύο

171 2560 205 2618 20
223 2565 295 2630 τοῖς
320 2543 568 2634 πεπορνευκόοι
595 2545 660 2618 τόν
682 2555 743 2638 μὲν
765 2550 882 2635 ἕτερον
902 2547 947 2637 μὴ
970 2545 1186 2635 λυπούμενον
1205 2552 1288 2636 μηδὲ
1310 2541 1528 2634 ὀδυνώμενον

221 2651 304 2736 μηδὲ
326 2643 547 2736 δακνόμενον,
570 2641 659 2718 ἀλλά
681 2645 723 2719 τὸ
746 2651 920 2736 εἰρημένον
942 2651 980 2718 ἒν
1001 2653 1200 2735 Παροιμίαις
1213 2650 1297 2734 ’περὶ
1319 2650 1381 2734 τῆς
1400 2641 1529 2733 πόρνης

221 2743 378 2834 γυναικός
400 2743 586 2834 πάσχοντα,
612 2742 704 2834 »ἥτις
718 2744 778 2817 έάν
796 2743 916 2834 πράξῃ,
938 2741 1174 2834 ἀπονιψαμένη
1191 2739 1290 2816 ούδέν
1305 2765 1385 2833 φησι
1400 2772 1529 2831 πεπρα-

220 2852 313 2933 χέναι
340 2844 504 2916 ἀτσπονι.
552 2849 601 2916 ίδε
621 2873 679 2933 μοι
704 2843 769 2916 τόν
796 2847 914 2934 ἕτερον
938 2843 1023 2934 μετὰ
1049 2843 1091 2915 τό
1117 2851 1242 2933 πτῶμα
1267 2842 1312 2934 μὴ
1340 2841 1529 2933 δυνάμενον

221 2952 359 3034 στέγειν,
384 2940 471 3016 ἀλλὰ
485 2942 716 3033 κολαζόμενον
731 2943 796 3034 τὴν
811 2950 1006 3034 συνείδησιν,
1022 2940 1284 3033 βασανιζόμενον
1298 2940 1364 3032 τὴν
1377 2948 1528 3031 καρδίαν,

170 3054 204 3112 2ο
222 3062 343 3135 φαγεῖν
364 3050 420 3116 καὶ
441 3061 531 3114 πιεῖν
553 3041 594 3114 ού
616 3041 817 3133 δυνάμενον,
845 3039 886 3116 ού
905 3051 1010 3134 κρίσει
1031 3042 1239 3132 νηστεύοντα
1261 3039 1347 3116 ἀλλά
1369 3038 1529 3132 ἀλγηδόνι

221 3151 282 3239 τῆς
303 3149 493 3234 μετανοίας.
539 3140 729 3231 διάγραψόν
754 3171 811 3231 μοι
833 3141 896 3215 τόν
918 3149 1081 3216 τοιοῦτον
1099 3135 1197 3233 »ὅλην
1219 3141 1284 3231 τὴν
1303 3136 1431 3232 ἡμέραν
1452 3164 1528 3213 σκυ-

220 3240 456 3333 θρωπάζοντα
480 3248 535 3311 καί
557 3240 863 3328 καταπονούιιενον
887 3247 943 3312 καὶ
967 3237 1212 3333 πορευόμενον,
1241 3237 1439 3332 οόρυόμενον
1459 3238 1528 3313 ἀπό

219 3349 408 3435 στεναγμοῦ
434 3347 495 3432 τῆς
524 3348 663 3431 καρδίας
690 3338 805 3429 αύτοῦ,
831 3348 1004 3430 βλέποντα
1024 3338 1130 3414 αύτοῦ
1158 3341 1224 3431 τὴν
1252 3336 1418 3430 ἀμαρτίαν
1447 3340 1528 3413 ένσό-

220 3472 302 3516 πιον
328 3439 447 3515 αὐτοῦ
468 3439 524 3512 διὰ
558 3439 690 3525 παντός
712 3445 904 3534 ἔμπροσθεν
926 3447 1134 3531 έλέγχουσαν.
1183 3450 1240 3512 καί
1261 3445 1311 3513 ίδε
1332 3439 1397 3514 τόν
1417 3446 1529 3514 τοιοῦ

169 3559 204 3614 30
221 3573 285 3617 τον
323 3540 385 3614 οῦκ
421 3547 476 3612 ἐπὶ
512 3548 592 3631 μίαν
627 3537 752 3630 ἡμέραν
781 3539 859 3615 οῦδὲ
889 3545 943 3612 ἐπὶ
972 3550 1052 3631 μίαν
1078 3539 1197 3626 νύκτα,
1229 3535 1303 3613 ἀλλ’
1326 3543 1379 3611 ἐπὶ
1404 3536 1530 3627 χρόνον

220 3642 331 3716 πολύν
361 3637 604 3730 κολαζόμενον.
651 3647 731 3713 τίνα
765 3649 840 3714 τοῦν
875 3641 936 3714 δύο
973 3649 1181 3732 προκρίνεις;
1222 3647 1300 3712 τίνα
1335 3645 1443 3729 λέγεις
1477 3643 1530 3712 έλ-

219 3748 320 3825 πίδας
343 3745 430 3829 ἔχειν
450 3738 544 3831 παρὰ
564 3745 654 3829 θεῷ,·
689 3733 743 3831 ἀρ’
759 3746 888 3814 ἐκεῖνον
909 3738 973 3814 τόν
994 3739 1231 3832 πορνεύσαντα
1249 3737 1368 3829 καὶμὴ
1388 3745 1529 3830 φροντί-

307 3911 323 3967 1
342 3911 408 3982 Vgl.
426 3910 510 3968 Hebr.
528 3913 554 3978 4,
573 3909 626 3966 127
643 3939 677 3950 -
694 3911 714 3966 0
732 3910 800 3967 Luk.
820 3913 860 3974 12,
877 3913 920 3968 40.
938 3941 971 3950 -
991 3911 1029 3968 12
1051 3909 1114 3981 Vgl.
1131 3909 1220 3966 Resoh
1236 3909 1284 3964 'l'U
1301 3909 1334 3975 X,
1351 3911 1376 3974 3,
1394 3911 1477 3968 27011.
1493 3941 1527 3951 -

223 3995 343 4052 111ιοὶ
356 3995 398 4061 24,
416 3996 458 4050 32.
477 4025 507 4034 -
529 3994 567 4051 15
586 3994 705 4060 111124,
717 3993 759 4048 32.
776 4024 810 4034 -
829 3995 906 4052 181.
923 3993 987 4066 Vgi
999 3993 1113 4050 ἱυΡισλ
1124 3997 1158 4050 37
1182 3993 1528 4064 Ηοιιι.1,3(11012,249)ε

220 4079 290 4134 Sunt
311 4078 438 4148 quidam,
461 4077 510 4148 qui
531 4093 594 4132 oum
613 4077 787 4148 peecaveiini
887 4079 929 4135 ita
948 4079 1057 4147 vivunt,
1075 4078 1153 4148 quui
1169 4078 1240 4133 nihil
1258 4078 1370 4134 omnino
1387 4079 1527 4135 commise-

220 4163 341 4218 rint
372 4164 441 4218 Cum
467 4180 533 4219 τστο
559 4164 623 4233 post
649 4161 754 4216 dietum
781 4161 809 4232 [l.
832 4163 884 4218 mii
905 4163 1026 4219 Malim:
1053 4161 1195 4232 deliniam]
1222 4162 1283 4232 quis
1308 4162 1477 4218 eonsumitur
1500 4165 1529 4219 oi

217 4246 356 4322 ¹affligitur
372 4264 424 4316 pro
441 4246 543 4303 delicio
562 4263 611 4301 εσο
623 4249 652 4302 et
663 4246 848 4304 eonscientiae
860 4247 978 4304 stimulis
990 4248 1089 4319 agitur,
1107 4247 1248 4303 mordetur
1258 4245 1317 4301 sine
1327 4244 1528 4303 intermissione

220 4335 304 4402 atquo
321 4331 438 4387 οοσο111ε
456 4331 693 4388 οοσ1σ1σ11οοι1οε
703 4329 888 4402 impugnatur,
905 4332 958 4388 ἰεῖε
975 4334 1027 4388 eta
1044 4363 1078 4372 -
1097 4331 1136 4389 22
1154 4331 1234 4388 Ρτοτ.
1246 4331 1288 4400 24,
1300 4331 1342 4386 05.
1360 4361 1392 4372 -
1412 4329 1527 4402 2311μ1.

220 4416 269 4472 Sir.
288 4416 312 4482 Β,
332 4415 501 4472 177-24
520 4413 735 4487 7812111134,
754 4413 1291 4488 137-20131.Ρεο1.37,7.0.10.

303 4566 322 4621 4
338 4563 455 4623 δύναται
472 4567 506 4622 8*
520 4564 642 4635 δύναμαι
653 4565 734 4620 θωπ-
750 4567 755 4634 Ι
769 4563 861 4642 τούτῳ
872 4573 913 4640 τῷ
926 4567 970 4622 Gh
980 4571 1033 4622 τῶι
1044 4564 1204 4622 τοιούτοιιθ
1218 4565 1224 4634 Ι
1238 4563 1317 4622 ῦτδν
1329 4565 1407 4620 mass
1422 4567 1427 4635 Ι
1442 4561 1473 4620 15²
1484 4565 1527 4620 Gh

221 4647 254 4706 δν
266 4650 284 4706 S
299 4651 304 4718 Ι
320 4650 360 4708 10
372 4649 461 4708 αὑτοῦ
473 4651 518 4708 Gh
531 4648 631 4708 αῦτδβ
645 4652 651 4720 Ι
666 4651 705 4709 12
724 4650 859 4717 Κλεόπας
875 4651 953 4706 mm
971 4646 1112 4716 Κλεόιπας
1123 4649 1149 4718 S,
1162 4667 1192 4704 εο
1204 4650 1275 4705 auch
1286 4649 1313 4704 Z.
1326 4651 1358 4704 10
1377 4649 1403 4705 S.
1416 4649 1473 4713 192,
1486 4652 1527 4707 13.
