3694 5542
305 439 363 502 168
660 463 662 467 ·
749 432 889 504 Origenes'
905 431 1164 490 Jeremiahomilien.

304 592 583 684 έμπτυσμάτωνι.
619 599 727 666 ταῦτα
750 600 783 667 σί
806 593 954 680 ἀκέραιοι
975 601 1085 669 ίσασιν
1107 601 1162 668 ίπί
1181 597 1245 670 τὸν
1260 596 1341 670 τότε
1355 595 1465 687 μόνον
1479 596 1608 688 καιρόν,

304 688 362 766 ότε
393 698 620 785 ἐμαστίγωσεν
652 691 758 767 αύτὸν
790 691 809 766 ό
837 701 1001 781 Πιλᾶτος,
1033 689 1092 767 ότε
1121 697 1366 780 ἐβουλεύσαντο
1396 695 1471 769 κατ’
1503 695 1610 772 αύτσῦ

303 789 464 867 Ἰουδαῖοι.
499 796 566 883 ἐγω
590 801 624 865 δὲ
646 802 761 878 βλέπω
783 794 846 867 τόν
861 791 988 882 Ἰησοῦν
1002 793 1083 868 καθ’
1099 792 1225 886 ἡμέραν
1245 794 1398 868 »διδόντα
1412 797 1476 870 τόν
1492 805 1609 872 νῶτον

304 889 409 964 αύτοῦ
431 899 478 977 είς
498 893 680 983 μάστιγας.
723 899 855 967 ε’ίσελθε
877 900 924 977 είς
946 894 1007 976 τάς
1028 903 1102 966 τῶν
1122 892 1295 969 Ἰουδαίων
1316 894 1527 988 συναγωγάς,
1554 905 1609 969 καί

268 1003 285 1055 5
302 996 351 1064 ίδε
372 990 435 1064 τὸν
448 988 575 1083 Ἰησοῦν
590 990 646 1066 ὑπ’
662 991 780 1065 αύτῶν
794 1001 837 1083 τῆ
852 993 988 1084 γλώσσῃ
1003 999 1064 1084 τῆς
1079 1003 1292 1084 βλασφημίας
1307 1000 1318 1085 ΙΙ
1333 997 1609 1088 μαστιγούμενον.
1626 1013 1679 1070 255

302 1095 352 1164 ίδε
375 1093 457 1177 τοῦς
479 1091 547 1166 άπὸ
569 1103 644 1166 τῶν
658 1099 774 1166 έθυοῦν
789 1100 1046 1183 συναγομένους,
1068 1101 1334 1184 βουλευομένους
1347 1097 1436 1168 κατὰ
1451 1103 1608 1187 Χριστια-
1661 1162 1664 1168 .

303 1198 387 1275 νῦν,
401 1200 479 1264 τίνα
493 1192 627 1283 τρόπον
641 1191 847 1281 λαμβάνουσι
861 1191 925 1265 τόν
940 1189 1074 1283 Ἰησοῦν,
1096 1190 1251 1278 κάκείνσς
1264 1195 1341 1267 >τόν
1354 1198 1478 1270 ἑαυτοῦ
1494 1205 1609 1270 νῶτον

304 1295 442 1362 δίδωσιν
468 1297 515 1374 είς
541 1290 721 1381 μάστιγας.
766 1291 928 1365 κατανόει
954 1289 1174 1382 ὑβριζόμενον
1201 1293 1265 1367 τόν
1291 1301 1355 1367 τοῦ
1380 1302 1465 1368 θεοῦ
1493 1295 1608 1387 λόγον,

302 1390 611 1481 κακολογούμενον,
633 1390 837 1482 μισούμενον
850 1389 919 1465 ύπό
934 1399 1008 1464 τῶν
1023 1389 1186 1465 ἀπίστων.
1214 1387 1278 1483 όρα
1293 1388 1348 1466 ότι
1360 1395 1435 1479 »τάς
1450 1395 1609 1485 σιαγόνας

252 1497 285 1552 10
303 1492 430 1560 ἔδωκεν
456 1493 502 1573 είς
530 1493 747 1580 ῥαπίσματα,
773 1500 830 1564 καί
856 1490 991 1580 διδάξας
1018 1485 1073 1564 ότι
1100 1492 1159 1564 έάν
1185 1493 1297 1581 τύπτη
1323 1503 1375 1577 τίς
1401 1517 1454 1566 »σε
1476 1501 1523 1578 είς
1543 1495 1609 1585 τὴν

304 1589 445 1678 σιαγόνα
467 1599 617 1679 στρέψον
637 1597 693 1662 καί
715 1590 780 1681 τὴν
802 1590 941 1682 άλληνι,
963 1587 1067 1674 αὐτὸς
1090 1587 1173 1664 αύτό
1189 1613 1287 1665 ποιεί
1323 1601 1486 1667 τοσοῦτοι
1500 1591 1608 1666 αύτόν

302 1689 502 1776 ῥαπίζουσιν
523 1697 579 1761 καί
600 1697 806 1780 μαστιγοῦσι,
820 1699 875 1762 καί
890 1698 1003 1785 σιωπᾷ
1018 1698 1074 1763 καί
1090 1688 1131 1765 ού
1146 1705 1249 1765 λαλεῖ.
1278 1690 1529 1783 ἀναγέγραπται
1543 1692 1606 1785 γάρ

302 1787 346 1878 μῆ
370 1796 488 1862 λαλῶν
510 1795 548 1861 ἐν
568 1797 620 1880 τῷ
642 1797 896 1880 μαστιγοῦσθαι.
941 1800 997 1862 καὶ
1022 1791 1077 1864 »τό
1098 1787 1289 1881 πρόσωπον
1309 1800 1402 1883 μέχρι
1423 1801 1488 1867 τοῦ
1509 1800 1607 1883 δεῦρο

300 1884 424 1976 Ἰησοῦς
452 1885 514 1960 ούκ
542 1886 752 1977 άπέστρεφεν
778 1885 846 1962 άπὸ
877 1890 1034 1981 αἰσχύνης
1060 1889 1330 1981 ἐμπτυσμάτωνι.
1381 1903 1434 1977 τίς
1459 1901 1534 1965 τῶν
1560 1899 1608 1980 ἐξ·

213 1986 547 2074 3081ευτε1ιζόντων
574 1987 640 2078 τῆν
666 1996 884 2062 διδασκαλίαν
909 1987 982 2079 σύχὶ
1011 1994 1116 2063 οίονεί
1143 1990 1289 2081 έμΙπτύει
1309 2000 1403 2084 μέχρι
1423 2000 1488 2066 τοῦ
1507 1998 1607 2084 δεῦρο

301 2093 353 2177 τῷ
374 2083 480 2177 Ἰησοῦ
502 2085 710 2179 α’νεχομένῳ;

382 2193 455 2278 (18,)
474 2200 520 2262 13.
560 2183 759 2260 Ἠκολούθει
793 2193 844 2277 τῷ
880 2186 1098 2278 πεπατάχθαι
1133 2187 1196 2260 τόν
1232 2189 1418 2281 προφήτην
1454 2190 1607 2282 διηγήσα-

299 2297 381 2357 σθαι
411 2287 492 2370 τοῦς
520 2292 775 2375 παταχθέντος,
807 2285 856 2371 ὥς
887 2284 960 2378 φέρ’
984 2294 1089 2360 είπεῑν
1120 2289 1184 2361 τόν
1206 2285 1405 2363 ἀπόστολον
1427 2299 1482 2363 καί
1505 2297 1535 2364 εί
1554 2321 1607 2375 τις

300 2386 405 2469 ῦλλος
426 2384 651 2470 πεπάτακται,
674 2393 887 2478 παραστῆσαι
907 2395 964 2459 καί
986 2387 1029 2459 τά
1044 2396 1120 2479 περί
1135 2385 1243 2460 αύτόν
1258 2388 1322 2460 τόν
1337 2387 1469 2480 Ἰησοῦν.
1509 2389 1606 2462 »ἐπά-

247 2499 281 2556 20
299 2499 418 2574 ταξενι
444 2479 506 2558 οῦν
530 2489 693 2575 »Πασχώρ
714 2487 778 2558 τόν
798 2482 954 2576 Ἰερεμίαν
976 2487 1040 2560 τὸν
1061 2484 1257 2578 προφήτην,
1280 2497 1336 2560 καί
1358 2492 1476 2574 ἔβαλεν
1498 2487 1605 2563 αύτὸν

298 2590 344 2670 είς
367 2584 431 2657 τόν
452 2582 692 2675 καταρράκτην
714 2579 752 2669 ῦς
774 2578 817 2676 ῆν
837 2589 875 2660 ἐν
895 2594 938 2675 τῆ
953 2585 1044 2675 πύλη
1060 2594 1224 2676 Βενιαμίν
1239 2595 1304 2660 τοῦ
1316 2585 1506 2679 ῦπερηόουι.
1542 2595 1606 2662 τοῦ

299 2680 497 2775 Βενιαμίνό
519 2684 755 2776 καταρράκτης
777 2677 819 2776 ῆν
841 2693 906 2758 τοῦ
926 2683 1095 2777 ῦπερῴου.
1130 2693 1194 2759 τοῦ
1217 2695 1380 2777 Βενιαμίν
1402 2694 1607 2778 κληροδοσία

296 2789 390 2856 ἐστὶν
411 2781 632 2875 Ἰερουσαλήμ,
654 2790 691 2856 έν
713 2779 733 2874 ῆ
757 2779 776 2856 ό
799 2785 881 2870 ναὸς
902 2792 966 2858 τοῦ
989 2792 1086 2872 θεοῦ,
1112 2783 1177 2876 (ὥς
1199 2782 1219 2858 ό
1242 2783 1382 2859 άκοῦσαι
1404 2785 1604 2878 δυνάμενος)

297 2891 369 2957 τῶν
395 2892 505 2956 θείων
538 2881 817 2975 ἀναγνωσμάτων
844 2881 975 2976 εύρῆσει
1008 2890 1047 2956 ἐκ
1072 2891 1134 2976 τῆς
1160 2882 1453 2978 ἀναγεγραμμένης
1484 2901 1606 2976 κληρο-

250 2995 284 3050 25
303 2991 416 3068 δοσίας
438 2989 475 3057 έν
498 2991 540 3073 τῆ
562 2991 626 3055 τοῦ
650 2990 754 3076 Ναυῆ.
800 2989 873 3057 ἐπεὶ
897 2978 959 3057 οῦν
981 2979 1000 3056 δ
1022 2983 1105 3068 ναός
1126 2977 1169 3075 ἦν
1191 2990 1229 3058 έν
1250 2994 1294 3075 τῆ
1315 2993 1520 3078 κληροδοσίᾳ
1543 2993 1607 3060 τοῦ

303 3090 475 3173 Βενιαμίν,
498 3077 536 3166 ῦς
558 3083 775 3173 ἑρμηνεύεται
793 3083 872 3167 Ῡίός
890 3090 999 3169 δεξιᾶς
1018 3082 1130 3175 (οῦδὲν
1145 3083 1208 3175 γάρ
1223 3089 1315 3157 ἐστιν
1337 3082 1515 3177 ἀριστερόν
1529 3093 1607 3174 περὶ

301 3183 365 3255 τόν
387 3185 472 3255 ναόν
494 3189 559 3255 τοῦ
580 3189 691 3271 θεοῦ),
719 3182 773 3255 διά
798 3190 905 3256 τοῦτο
929 3177 1032 3268 οὗτος
1052 3182 1170 3268 βάλλει
1195 3190 1260 3267 »είς
1282 3183 1345 3257 τόν
1366 3183 1606 3277 καταρράκτην

302 3276 339 3366 ός
369 3275 412 3372 ῆν
442 3287 480 3354 έν
510 3279 601 3368 πύλη
633 3289 794 3371 Βενιαμίν
824 3289 888 3355 τοῦ
917 3280 1078 3374 ύπερῴου
1108 3287 1204 3356 σίκου
1233 3292 1381 3373 κυρίουι.
1432 3281 1606 3374 παρόντος

303 3379 481 3472 »ύπερρόου
503 3387 540 3452 έν
555 3385 639 3470 σίκφ
661 3389 797 3469 κυρίου(
825 3386 956 3466 »έβαλει
983 3380 1253 3473 τὸνπροφῆτην
1277 3389 1341 3464 »εἰς
1364 3381 1426 3456 τόν
1441 3382 1605 3474 καταρρά-

249 3493 283 3548 30
300 3511 415 3572 κτηνι.
450 3488 507 3552 καί
528 3478 620 3570 ἡμεῖς
641 3489 902 3571 παρακαλῶμεν,
924 3486 979 3554 ίνα
995 3481 1158 3566 λαβόντες
1173 3487 1236 3554 νῦν
1250 3481 1314 3555 τὸν
1328 3478 1483 3572 Ἰερεμίαν
1503 3491 1549 3566 είς
1564 3481 1604 3555 τό

299 3577 461 3672 ύπερῷον
484 3577 738 3670 άναβιβάσωμεν
764 3585 819 3652 »έν
842 3586 926 3671 οίκῳ
948 3591 1094 3670 κυρίουι.
1129 3578 1289 3671 ύπερῷον
1312 3588 1348 3654 δὲ
1363 3581 1427 3654 τόν
1441 3588 1526 3654 νοῦν
1542 3581 1605 3654 τὸν

299 3677 434 3769 ύψηλὸν
449 3686 505 3751 καί
520 3684 711 3770 ἐπηρμένον
727 3686 824 3768 δείξω
841 3685 910 3770 <ἐκ>
926 3688 986 3770 τῆς
1000 3687 1141 3772 γραφῆς,
1163 3673 1221 3752 ότε
1236 3700 1400 3771 μαρτυρεῖ
1411 3699 1485 3764 τοῖς
1499 3677 1605 3770 άγίοις

386 3891 416 3949 δ.
438 3893 465 3948 ί.
484 3893 512 3948 θ.
531 3891 570 3948 18
588 3891 652 3961 Vgl.
667 3892 721 3947 Jos.
734 3893 776 3954 50,
789 3894 814 3948 6.
832 3923 864 3931 -
884 3893 970 3958 10111
991 3893 1055 3962 Vgl.
1068 3892 1167 3948 Matth.
1180 3895 1204 3960 5,
1217 3894 1250 3948 39
1267 3893 1336 3948 Luk.
1348 3895 1372 3960 6,
1386 3893 1426 3949 29.
1443 3923 1476 3932 -
1493 3895 1527 3948 12
1542 3893 1604 3965 vgl.

298 3975 361 4030 Joh.
380 3979 420 4040 19,
439 3979 453 4030 1
472 3976 538 4046 (ng.
557 3977 610 4032 ίαε.
628 3979 670 4038 53,
689 3977 744 4044 71).
762 4007 795 4016 -
814 3977 893 4033 2211.
911 3975 1207 4047 vgl.J0s.18,11.28
1231 3977 1294 4048 Vgl.
1312 3977 1341 4031 in
1359 3977 1414 4033 Jou.
1432 3976 1511 4032 Hom.
1530 3978 1571 4042 23,
1588 3982 1605 4033 4

299 4059 524 4129 (L011,196f.):
547 4078 603 4116 non
625 4064 668 4116 est
689 4060 785 4130 utique
811 4060 871 4115 sine
897 4077 991 4126 οεοεα,
1014 4061 1088 4131 quod
1105 4060 1252 4130 Benjamin
1273 4061 1303 4114 in
1327 4063 1401 4117 εοιίε
1426 4079 1476 4116 sua
1501 4063 1606 4133 aceepit

298 4144 450 4199 Jerusalem
468 4147 497 4199 εί
514 4149 636 4202 monbem
654 4145 720 4201 Sion
737 4149 788 4200 σία
808 4175 839 4184 -
858 4145 895 4200 26
915 4144 979 4214 Vgl.
996 4145 1092 4200 Onom.
1111 4162 1188 4200 sacra
1205 4146 1225 4211 1,
1244 4147 1302 4210 201,
1321 4148 1366 4202 52:
1393 4147 1529 4214 Βενιαμίν
1546 4143 1607 4211 υίὸς
1686 4153 1689 4160 “

298 4231 393 4295 δεξιᾶς
409 4227 427 4297 ἢ
445 4227 552 4300 ὀδύνης,
570 4249 596 4285 u.
615 4237 640 4287 δ.

385 4421 421 4476 17
442 4419 594 4490 ἠκολούθει
611 4419 690 4475 ΒῙοεε
701 4421 859 4477 Καείεοίιαυ
876 4418 894 4488 ἢ
912 4417 1070 4476 ἀκολουθεῖ
1086 4419 1103 4474 S
1123 4425 1127 4484 Ι
1148 4421 1185 4475 21
1206 4417 1239 4489 ῆν
1256 4419 1415 4490 fibergosch.
1434 4421 1465 4474 8¹
1485 4422 1489 4478 ί
1508 4422 1606 4476 Βενια-

297 4505 354 4574 μήυ
370 4504 402 4558 S*
422 4507 558 4575 Βενιαμίν
580 4505 611 4560 8¹
635 4508 639 4574 Ι
663 4505 699 4563 28
723 4501 786 4561 οἴκυ
807 4505 825 4558 S
846 4505 903 4574 [sic]
927 4506 932 4572 1
956 4505 993 4559 80
1009 4505 1230 4577 παρακαλῶμεν]
1249 4503 1268 4557 l.
1286 4503 1527 4576 παρακαλοῦμενλ
1550 4502 1605 4573 vgl.

298 4589 324 4644 S.
339 4589 441 4654 161133
458 4609 483 4645 u.
503 4589 663 4658 ιιι-17112
681 4591 731 4646 καί
748 4607 772 4644 ει
790 4590 821 4644 R.
840 4589 919 4644 Swrr·
936 4591 941 4658 Ι
957 4586 989 4644 ἐκ
1007 4589 1057 4644 Gh.
