<?xml version="1.0" encoding="UTF-8"?>
<!DOCTYPE html PUBLIC "-//W3C//DTD XHTML 1.0 Transitional//EN"
    "http://www.w3.org/TR/xhtml1/DTD/xhtml1-transitional.dtd">
<html xmlns="http://www.w3.org/1999/xhtml" xml:lang="en" lang="en">
 <head>
  <title>
</title>
<meta http-equiv="Content-Type" content="text/html;charset=utf-8" />
  <meta name='ocr-system' content='tesseract 3.04.00' />
  <meta name='ocr-capabilities' content='ocr_page ocr_carea ocr_par ocr_line ocrx_word'/>
</head>
<body>
  <div class='ocr_page' id='page_1' title='image "./diegriechischen01unkngoog/diegriechischen01unkngoog_0218.png"; bbox 0 0 3694 5542; ppageno 0'>
   <div class='ocr_carea' id='block_1_1' title="bbox 634 489 1553 558">
    <p class='ocr_par' dir='ltr' id='par_1_1' title="bbox 634 489 1553 558">
     <span class='ocr_line' id='line_1_1' title="bbox 634 489 1553 558; baseline 0.014 -13"><span class='ocrx_word' id='word_1_1' title='bbox 634 489 754 546; x_wconf 84' lang='lat' dir='ltr'><strong>Homilie</strong></span> <span class='ocrx_word' id='word_1_2' title='bbox 772 491 870 547; x_wconf 84' lang='lat' dir='ltr'>xv111.</span> <span class='ocrx_word' id='word_1_3' title='bbox 905 493 1062 553; x_wconf 80' lang='lat' dir='ltr'><strong>Ierem.18‚</strong></span> <span class='ocrx_word' id='word_1_4' title='bbox 1081 491 1172 545; x_wconf 82' lang='lat'><em>1-16.</em></span> <span class='ocrx_word' id='word_1_5' title='bbox 1495 497 1553 558; x_wconf 85' lang='grc'><strong><em>157</em></strong></span> 
     </span>
    </p>
   </div>
   <div class='ocr_carea' id='block_1_2' title="bbox 106 647 1621 4056">
    <p class='ocr_par' dir='ltr' id='par_1_2' title="bbox 106 647 1621 4026">
     <span class='ocr_line' id='line_1_2' title="bbox 249 647 1552 774; baseline 0 -50"><span class='ocrx_word' id='word_1_6' title='bbox 249 647 291 745; x_wconf 81' lang='grc' dir='ltr'><strong><em>ἦν</em></strong></span> <span class='ocrx_word' id='word_1_7' title='bbox 317 659 386 726; x_wconf 90' lang='grc' dir='ltr'><strong><em>ἐκεῖ</em></strong></span> <span class='ocrx_word' id='word_1_8' title='bbox 406 660 527 744; x_wconf 89' lang='grc' dir='ltr'><strong><em>δένδρα</em></strong></span> <span class='ocrx_word' id='word_1_9' title='bbox 549 654 609 774; x_wconf 42' lang='grc' dir='ltr'><strong><em>μή·</em></strong></span> <span class='ocrx_word' id='word_1_10' title='bbox 617 662 785 727; x_wconf 88' lang='grc' dir='ltr'><strong><em>ποιοῦντα</em></strong></span> <span class='ocrx_word' id='word_1_11' title='bbox 806 653 940 744; x_wconf 88' lang='grc' dir='ltr'><strong><em>καρπὸν</em></strong></span> <span class='ocrx_word' id='word_1_12' title='bbox 960 652 1103 744; x_wconf 79' lang='grc' dir='ltr'><strong><em>ἐξεκόπη</em></strong></span> <span class='ocrx_word' id='word_1_13' title='bbox 1124 661 1178 724; x_wconf 85' lang='grc' dir='ltr'><strong><em>καί</em></strong></span> <span class='ocrx_word' id='word_1_14' title='bbox 1203 659 1248 736; x_wconf 85' lang='grc' dir='ltr'><strong><em>εἰς</em></strong></span> <span class='ocrx_word' id='word_1_15' title='bbox 1271 652 1311 724; x_wconf 88' lang='grc' dir='ltr'><strong><em>τὸ</em></strong></span> <span class='ocrx_word' id='word_1_16' title='bbox 1333 659 1400 745; x_wconf 89' lang='grc' dir='ltr'><strong><em>πῦρ</em></strong></span> <span class='ocrx_word' id='word_1_17' title='bbox 1422 651 1552 742; x_wconf 82' lang='grc' dir='ltr'><strong><em>ἐβλήθη</em></strong></span> 
     </span>
     <span class='ocr_line' id='line_1_3' title="bbox 248 749 1552 878; baseline 0.001 -54"><span class='ocrx_word' id='word_1_18' title='bbox 248 761 302 825; x_wconf 83' lang='grc' dir='ltr'><strong><em>καὶ</em></strong></span> <span class='ocrx_word' id='word_1_19' title='bbox 323 750 533 878; x_wconf 70' lang='grc' dir='ltr'><strong><em>κεκόλασταη.</em></strong></span> <span class='ocrx_word' id='word_1_20' title='bbox 571 761 633 825; x_wconf 93' lang='grc' dir='ltr'><strong><em>νῦν</em></strong></span> <span class='ocrx_word' id='word_1_21' title='bbox 655 759 690 825; x_wconf 89' lang='grc' dir='ltr'><strong><em>δέ</em></strong></span> <span class='ocrx_word' id='word_1_22' title='bbox 712 753 797 826; x_wconf 79' lang='grc' dir='ltr'><strong><em>ἄλλο</em></strong></span> <span class='ocrx_word' id='word_1_23' title='bbox 819 753 985 844; x_wconf 75' lang='grc' dir='ltr'><em>γεώργιον</em></span> <span class='ocrx_word' id='word_1_24' title='bbox 1006 761 1181 844; x_wconf 90' lang='grc' dir='ltr'><strong><em>γεγένηται</em></strong></span> <span class='ocrx_word' id='word_1_25' title='bbox 1203 749 1375 876; x_wconf 76' lang='grc' dir='ltr'><strong><em>άνάλογην</em></strong></span> <span class='ocrx_word' id='word_1_26' title='bbox 1397 761 1447 843; x_wconf 80' lang='grc' dir='ltr'><strong><em>τῷ</em></strong></span> <span class='ocrx_word' id='word_1_27' title='bbox 1468 781 1552 840; x_wconf 88' lang='grc' dir='ltr'><strong><em>προ·</em></strong></span> 
     </span>
     <span class='ocr_line' id='line_1_4' title="bbox 249 845 1553 976; baseline -0.001 -52"><span class='ocrx_word' id='word_1_28' title='bbox 249 861 352 945; x_wconf 85' lang='grc' dir='ltr'><strong><em>τέρῳ,</em></strong></span> <span class='ocrx_word' id='word_1_29' title='bbox 383 861 459 942; x_wconf 84' lang='grc' dir='ltr'><strong><em>περὶ</em></strong></span> <span class='ocrx_word' id='word_1_30' title='bbox 490 845 530 925; x_wconf 84' lang='grc' dir='ltr'><strong><em>οὗ</em></strong></span> <span class='ocrx_word' id='word_1_31' title='bbox 559 857 700 944; x_wconf 80' lang='grc' dir='ltr'><strong><em>εἴρηται</em></strong></span> <span class='ocrx_word' id='word_1_32' title='bbox 733 854 938 943; x_wconf 73' lang='grc' dir='ltr'><strong><em>εείσαγαγῶν</em></strong></span> <span class='ocrx_word' id='word_1_33' title='bbox 964 853 1224 975; x_wconf 79' lang='grc' dir='ltr'><strong><em>καταςηῦτευσον</em></strong></span> <span class='ocrx_word' id='word_1_34' title='bbox 1249 849 1372 934; x_wconf 85' lang='grc' dir='ltr'><strong><em>αότούς</em></strong></span> <span class='ocrx_word' id='word_1_35' title='bbox 1399 859 1445 936; x_wconf 89' lang='grc' dir='ltr'><strong><em>είς</em></strong></span> <span class='ocrx_word' id='word_1_36' title='bbox 1472 845 1553 976; x_wconf 57' lang='grc' dir='ltr'><strong><em>ἔρος</em></strong></span> 
     </span>
     <span class='ocr_line' id='line_1_5' title="bbox 247 949 1553 1078; baseline -0.001 -55"><span class='ocrx_word' id='word_1_37' title='bbox 247 961 472 1075; x_wconf 74' lang='grc' dir='ltr'><strong><em>κληρονομίας</em></strong></span> <span class='ocrx_word' id='word_1_38' title='bbox 498 975 572 1037; x_wconf 90' lang='grc' dir='ltr'><strong><em>σου,</em></strong></span> <span class='ocrx_word' id='word_1_39' title='bbox 600 959 646 1035; x_wconf 90' lang='grc' dir='ltr'><strong><em>είς</em></strong></span> <span class='ocrx_word' id='word_1_40' title='bbox 673 957 811 1041; x_wconf 81' lang='grc' dir='ltr'><strong><em>έτοιμον</em></strong></span> <span class='ocrx_word' id='word_1_41' title='bbox 831 950 1097 1078; x_wconf 74' lang='grc' dir='ltr'><strong><em>κατοικητήριόν</em></strong></span> <span class='ocrx_word' id='word_1_42' title='bbox 1118 977 1216 1072; x_wconf 72' lang='grc' dir='ltr'><strong><em>σομε.</em></strong></span> <span class='ocrx_word' id='word_1_43' title='bbox 1252 951 1425 1044; x_wconf 81' lang='grc' dir='ltr'><strong><em>εἰσήγαγεν</em></strong></span> <span class='ocrx_word' id='word_1_44' title='bbox 1447 949 1553 1074; x_wconf 68' lang='grc' dir='ltr'><strong><em>αὐτοῦ</em></strong></span> 
     </span>
     <span class='ocr_line' id='line_1_6' title="bbox 213 1046 1552 1144; baseline 0.002 -25"><span class='ocrx_word' id='word_1_45' title='bbox 213 1065 229 1119; x_wconf 88' lang='grc'><strong><em>5</em></strong></span> <span class='ocrx_word' id='word_1_46' title='bbox 249 1082 288 1124; x_wconf 90' lang='grc' dir='ltr'><strong><em>το</em></strong></span> <span class='ocrx_word' id='word_1_47' title='bbox 310 1047 447 1134; x_wconf 78' lang='grc' dir='ltr'><strong><em>ἔθνος&lt;</em></strong></span> <span class='ocrx_word' id='word_1_48' title='bbox 429 1082 447 1124; x_wconf 95' lang='grc' dir='ltr'><strong><em>ο</em></strong></span> <span class='ocrx_word' id='word_1_49' title='bbox 465 1051 545 1134; x_wconf 86' lang='grc' dir='ltr'><strong><em>θεὸς</em></strong></span> <span class='ocrx_word' id='word_1_50' title='bbox 566 1046 655 1135; x_wconf 89' lang='grc' dir='ltr'><strong><em>είς</em></strong></span> <span class='ocrx_word' id='word_1_51' title='bbox 635 1081 714 1142; x_wconf 92' lang='grc' dir='ltr'><strong><em>ορος</em></strong></span> <span class='ocrx_word' id='word_1_52' title='bbox 735 1061 960 1144; x_wconf 80' lang='grc' dir='ltr'><strong><em>κληρονομίας</em></strong></span> <span class='ocrx_word' id='word_1_53' title='bbox 982 1049 1094 1125; x_wconf 86' lang='grc' dir='ltr'><strong><em>αότοῦ.</em></strong></span> <span class='ocrx_word' id='word_1_54' title='bbox 1131 1050 1172 1123; x_wconf 86' lang='grc' dir='ltr'><strong><em>τό</em></strong></span> <span class='ocrx_word' id='word_1_55' title='bbox 1196 1047 1275 1140; x_wconf 85' lang='grc' dir='ltr'><strong><em>ὄρος</em></strong></span> <span class='ocrx_word' id='word_1_56' title='bbox 1296 1053 1362 1142; x_wconf 86' lang='grc' dir='ltr'><strong><em>ἐγῶ</em></strong></span> <span class='ocrx_word' id='word_1_57' title='bbox 1384 1058 1476 1142; x_wconf 75' lang='grc' dir='ltr'><strong><em>ζητῶ</em></strong></span> <span class='ocrx_word' id='word_1_58' title='bbox 1493 1047 1552 1140; x_wconf 76' lang='grc' dir='ltr'><strong><em>οὐχ</em></strong></span> 
     </span>
     <span class='ocr_line' id='line_1_7' title="bbox 247 1145 1552 1243; baseline -0.002 -20"><span class='ocrx_word' id='word_1_59' title='bbox 247 1149 295 1234; x_wconf 84' lang='grc' dir='ltr'><strong><em>ῶς</em></strong></span> <span class='ocrx_word' id='word_1_60' title='bbox 315 1149 466 1223; x_wconf 84' lang='grc' dir='ltr'><strong><em>Ἰουδαῖοι</em></strong></span> <span class='ocrx_word' id='word_1_61' title='bbox 488 1145 601 1234; x_wconf 76' lang='grc' dir='ltr'><strong><em>οὕτως</em></strong></span> <span class='ocrx_word' id='word_1_62' title='bbox 622 1147 822 1241; x_wconf 77' lang='grc' dir='ltr'><strong><em>ἐνάψῦχοις</em></strong></span> <span class='ocrx_word' id='word_1_63' title='bbox 842 1147 945 1235; x_wconf 84' lang='grc' dir='ltr'><strong><em>ῦλαις.</em></strong></span> <span class='ocrx_word' id='word_1_64' title='bbox 994 1151 1035 1224; x_wconf 85' lang='grc' dir='ltr'><strong><em>τὸ</em></strong></span> <span class='ocrx_word' id='word_1_65' title='bbox 1058 1145 1138 1243; x_wconf 87' lang='grc' dir='ltr'><strong><em>όρος</em></strong></span> <span class='ocrx_word' id='word_1_66' title='bbox 1160 1146 1179 1224; x_wconf 89' lang='lat'><strong><em>6</em></strong></span> <span class='ocrx_word' id='word_1_67' title='bbox 1203 1150 1350 1243; x_wconf 88' lang='grc' dir='ltr'><strong><em>Χριστός</em></strong></span> <span class='ocrx_word' id='word_1_68' title='bbox 1372 1155 1472 1223; x_wconf 89' lang='grc' dir='ltr'><strong><em>ἐστιν.</em></strong></span> <span class='ocrx_word' id='word_1_69' title='bbox 1515 1155 1552 1222; x_wconf 88' lang='grc' dir='ltr'><strong><em>ἐν</em></strong></span> 
     </span>
     <span class='ocr_line' id='line_1_8' title="bbox 248 1243 1552 1344; baseline -0.001 -24"><span class='ocrx_word' id='word_1_70' title='bbox 248 1250 362 1341; x_wconf 84' lang='grc' dir='ltr'><strong><em>τούτῳ</em></strong></span> <span class='ocrx_word' id='word_1_71' title='bbox 395 1251 710 1341; x_wconf 84' lang='grc' dir='ltr'><strong><em>κατεφυτεῦθημεν,</em></strong></span> <span class='ocrx_word' id='word_1_72' title='bbox 746 1249 797 1322; x_wconf 80' lang='grc' dir='ltr'><strong><em>ἐπ’</em></strong></span> <span class='ocrx_word' id='word_1_73' title='bbox 830 1248 924 1343; x_wconf 76' lang='grc' dir='ltr'><strong><em>αὐτῷ</em></strong></span> <span class='ocrx_word' id='word_1_74' title='bbox 963 1249 1187 1344; x_wconf 88' lang='grc' dir='ltr'><strong><em>ἐτηρήθημεν.</em></strong></span> <span class='ocrx_word' id='word_1_75' title='bbox 1244 1247 1346 1343; x_wconf 80' lang='grc' dir='ltr'><strong><em>δρᾶτε</em></strong></span> <span class='ocrx_word' id='word_1_76' title='bbox 1381 1243 1457 1334; x_wconf 86' lang='grc' dir='ltr'><strong><em>οῦν,</em></strong></span> <span class='ocrx_word' id='word_1_77' title='bbox 1492 1248 1552 1320; x_wconf 82' lang='grc' dir='ltr'><strong><em>ἐὰν</em></strong></span> 
     </span>
     <span class='ocr_line' id='line_1_9' title="bbox 250 1347 1550 1444; baseline -0.002 -23"><span class='ocrx_word' id='word_1_78' title='bbox 250 1356 332 1440; x_wconf 72' lang='grc' dir='ltr'><strong><em>ζκαλ)</em></strong></span> <span class='ocrx_word' id='word_1_79' title='bbox 349 1348 603 1442; x_wconf 88' lang='grc' dir='ltr'><strong><em>μακροθυμήση,</em></strong></span> <span class='ocrx_word' id='word_1_80' title='bbox 626 1351 758 1441; x_wconf 90' lang='grc' dir='ltr'><strong><em>μήποτε</em></strong></span> <span class='ocrx_word' id='word_1_81' title='bbox 772 1352 890 1424; x_wconf 88' lang='grc' dir='ltr'><strong><em>ἐλθῶν</em></strong></span> <span class='ocrx_word' id='word_1_82' title='bbox 905 1347 924 1424; x_wconf 89' lang='lat'><strong><em>6</em></strong></span> <span class='ocrx_word' id='word_1_83' title='bbox 940 1349 1182 1444; x_wconf 80' lang='grc' dir='ltr'><strong><em>οἰκοδεσπότης</em></strong></span> <span class='ocrx_word' id='word_1_84' title='bbox 1197 1358 1286 1441; x_wconf 82' lang='grc' dir='ltr'><strong><em>είπη·</em></strong></span> <span class='ocrx_word' id='word_1_85' title='bbox 1307 1350 1383 1442; x_wconf 72' lang='grc' dir='ltr'><strong><em>»ήδη</em></strong></span> <span class='ocrx_word' id='word_1_86' title='bbox 1398 1356 1476 1440; x_wconf 88' lang='grc' dir='ltr'><strong><em>τρία</em></strong></span> <span class='ocrx_word' id='word_1_87' title='bbox 1491 1351 1550 1438; x_wconf 81' lang='grc' dir='ltr'><strong><em>ἔτη</em></strong></span> 
     </span>
     <span class='ocr_line' id='line_1_10' title="bbox 247 1449 1621 1544; baseline -0.004 -25"><span class='ocrx_word' id='word_1_88' title='bbox 247 1453 382 1539; x_wconf 79' lang='grc' dir='ltr'><strong><em>ἔρχομαι</em></strong></span> <span class='ocrx_word' id='word_1_89' title='bbox 412 1454 466 1522; x_wconf 88' lang='grc' dir='ltr'><strong><em>ἐπί</em></strong></span> <span class='ocrx_word' id='word_1_90' title='bbox 494 1449 561 1540; x_wconf 83' lang='grc' dir='ltr'><strong><em>τήν</em></strong></span> <span class='ocrx_word' id='word_1_91' title='bbox 588 1457 693 1542; x_wconf 80' lang='grc' dir='ltr'><strong><em>συκῆν</em></strong></span> <span class='ocrx_word' id='word_1_92' title='bbox 718 1451 850 1542; x_wconf 84' lang='grc' dir='ltr'><strong><em>ταύτην</em></strong></span> <span class='ocrx_word' id='word_1_93' title='bbox 874 1459 929 1522; x_wconf 87' lang='grc' dir='ltr'><strong><em>καὶ</em></strong></span> <span class='ocrx_word' id='word_1_94' title='bbox 955 1451 1088 1541; x_wconf 85' lang='grc' dir='ltr'><strong><em>καρπὸν</em></strong></span> <span class='ocrx_word' id='word_1_95' title='bbox 1115 1449 1176 1526; x_wconf 82' lang='grc' dir='ltr'><strong><em>οῦκ</em></strong></span> <span class='ocrx_word' id='word_1_96' title='bbox 1192 1457 1203 1544; x_wconf 86' lang='grc' dir='ltr'><strong><em>ΙΙ</em></strong></span> <span class='ocrx_word' id='word_1_97' title='bbox 1219 1450 1371 1542; x_wconf 81' lang='grc' dir='ltr'><strong><em>ἤνεγκεν·</em></strong></span> <span class='ocrx_word' id='word_1_98' title='bbox 1401 1452 1550 1535; x_wconf 80' lang='grc' dir='ltr'><strong><em>ἔκκοψον</em></strong></span> <span class='ocrx_word' id='word_1_99' title='bbox 1572 1459 1621 1514; x_wconf 82' lang='grc'><strong><em>247</em></strong></span> 
     </span>
     <span class='ocr_line' id='line_1_11' title="bbox 195 1546 1594 1673; baseline 0.002 -59"><span class='ocrx_word' id='word_1_100' title='bbox 195 1562 229 1616; x_wconf 89' lang='grc'><strong><em>10</em></strong></span> <span class='ocrx_word' id='word_1_101' title='bbox 247 1546 366 1670; x_wconf 71' lang='grc' dir='ltr'><strong><em>αότήν·</em></strong></span> <span class='ocrx_word' id='word_1_102' title='bbox 394 1551 450 1620; x_wconf 86' lang='grc' dir='ltr'><strong><em>ίνα</em></strong></span> <span class='ocrx_word' id='word_1_103' title='bbox 471 1557 506 1620; x_wconf 91' lang='grc' dir='ltr'><strong><em>τί</em></strong></span> <span class='ocrx_word' id='word_1_104' title='bbox 526 1556 580 1620; x_wconf 85' lang='grc' dir='ltr'><strong><em>καί</em></strong></span> <span class='ocrx_word' id='word_1_105' title='bbox 603 1549 669 1640; x_wconf 90' lang='grc' dir='ltr'><strong><em>τήν</em></strong></span> <span class='ocrx_word' id='word_1_106' title='bbox 689 1558 753 1642; x_wconf 84' lang='grc' dir='ltr'><strong><em>γῆν</em></strong></span> <span class='ocrx_word' id='word_1_107' title='bbox 775 1570 960 1672; x_wconf 73' lang='grc' dir='ltr'><strong><em>καταργεῖε;</em></strong></span> <span class='ocrx_word' id='word_1_108' title='bbox 994 1571 1156 1673; x_wconf 72' lang='lat'><em>6666676</em></span> <span class='ocrx_word' id='word_1_109' title='bbox 1174 1551 1239 1643; x_wconf 84' lang='grc' dir='ltr'><strong><em>γάρ</em></strong></span> <span class='ocrx_word' id='word_1_110' title='bbox 1261 1551 1327 1642; x_wconf 88' lang='grc' dir='ltr'><strong><em>τήν</em></strong></span> <span class='ocrx_word' id='word_1_111' title='bbox 1347 1549 1455 1640; x_wconf 85' lang='grc' dir='ltr'><strong><em>καλήν</em></strong></span> <span class='ocrx_word' id='word_1_112' title='bbox 1477 1553 1549 1638; x_wconf 82' lang='grc' dir='ltr'><strong><em>γῆν,</em></strong></span> <span class='ocrx_word' id='word_1_113' title='bbox 1588 1559 1594 1574; x_wconf 81' lang='grc'><strong><em>““</em></strong></span> 
     </span>
     <span class='ocr_line' id='line_1_12' title="bbox 106 1645 1552 1799; baseline -0.001 -80"><span class='ocrx_word' id='word_1_114' title='bbox 106 1647 107 1650; x_wconf 38' lang='grc'><strong>“</strong></span> <span class='ocrx_word' id='word_1_115' title='bbox 246 1647 309 1719; x_wconf 88' lang='grc' dir='ltr'><strong><em>τὸν</em></strong></span> <span class='ocrx_word' id='word_1_116' title='bbox 325 1645 485 1736; x_wconf 81' lang='grc' dir='ltr'><strong><em>Χριστόν,</em></strong></span> <span class='ocrx_word' id='word_1_117' title='bbox 508 1647 550 1721; x_wconf 88' lang='grc' dir='ltr'><strong><em>τὸ</em></strong></span> <span class='ocrx_word' id='word_1_118' title='bbox 569 1647 755 1740; x_wconf 89' lang='grc' dir='ltr'><strong><em>μυστήριον</em></strong></span> <span class='ocrx_word' id='word_1_119' title='bbox 768 1657 830 1741; x_wconf 84' lang='grc' dir='ltr'><strong><em>τῆς</em></strong></span> <span class='ocrx_word' id='word_1_120' title='bbox 845 1655 1029 1741; x_wconf 78' lang='grc' dir='ltr'><strong><em>ἐκκλησίας,</em></strong></span> <span class='ocrx_word' id='word_1_121' title='bbox 1053 1646 1265 1741; x_wconf 87' lang='grc' dir='ltr'><strong><em>δέρχόμενος</em></strong></span> <span class='ocrx_word' id='word_1_122' title='bbox 1280 1653 1334 1721; x_wconf 82' lang='grc' dir='ltr'><strong><em>ἐπὶ</em></strong></span> <span class='ocrx_word' id='word_1_123' title='bbox 1350 1647 1552 1799; x_wconf 86' lang='grc' dir='ltr'><strong><em>συναγωγήν</em></strong></span> 
     </span>
     <span class='ocr_line' id='line_1_13' title="bbox 245 1747 1411 1869; baseline 0 -51"><span class='ocrx_word' id='word_1_124' title='bbox 245 1755 299 1819; x_wconf 88' lang='grc' dir='ltr'><strong><em>καί</em></strong></span> <span class='ocrx_word' id='word_1_125' title='bbox 321 1747 365 1839; x_wconf 91' lang='grc' dir='ltr'><strong><em>μή</em></strong></span> <span class='ocrx_word' id='word_1_126' title='bbox 387 1755 632 1869; x_wconf 77' lang='grc' dir='ltr'><strong><em>καρποφορῶη,</em></strong></span> <span class='ocrx_word' id='word_1_127' title='bbox 1407 1797 1411 1806; x_wconf 87' lang='lat'>-</span> 
     </span>
     <span class='ocr_line' id='line_1_14' title="bbox 328 1791 1552 1972; baseline -0.003 -52"><span class='ocrx_word' id='word_1_128' title='bbox 328 1859 355 1920; x_wconf 86' lang='grc'><strong><em>6.</em></strong></span> <span class='ocrx_word' id='word_1_129' title='bbox 381 1853 508 1936; x_wconf 82' lang='grc' dir='ltr'><strong><em>»Πέρας</em></strong></span> <span class='ocrx_word' id='word_1_130' title='bbox 530 1844 667 1937; x_wconf 84' lang='grc' dir='ltr'><strong><em>λαλήσω</em></strong></span> <span class='ocrx_word' id='word_1_131' title='bbox 690 1853 745 1922; x_wconf 82' lang='grc' dir='ltr'><strong><em>ἐπὶ</em></strong></span> <span class='ocrx_word' id='word_1_132' title='bbox 766 1845 910 1939; x_wconf 84' lang='grc' dir='ltr'><strong><em>ἐθνοςή</em></strong></span> <span class='ocrx_word' id='word_1_133' title='bbox 931 1857 987 1921; x_wconf 86' lang='grc' dir='ltr'><strong><em>καὶ</em></strong></span> <span class='ocrx_word' id='word_1_134' title='bbox 1009 1853 1065 1921; x_wconf 86' lang='grc' dir='ltr'><strong><em>ἐπί</em></strong></span> <span class='ocrx_word' id='word_1_135' title='bbox 1087 1858 1286 1938; x_wconf 79' lang='grc' dir='ltr'><strong><em>βασιλείανι.</em></strong></span> <span class='ocrx_word' id='word_1_136' title='bbox 1322 1791 1410 1972; x_wconf 80' lang='grc' dir='ltr'><strong><em>δόξει</em></strong></span> <span class='ocrx_word' id='word_1_137' title='bbox 1432 1842 1552 1928; x_wconf 87' lang='grc' dir='ltr'><strong><em>άπλῶς</em></strong></span> 
     </span>
     <span class='ocr_line' id='line_1_15' title="bbox 245 1941 1551 2070; baseline 0.001 -53"><span class='ocrx_word' id='word_1_138' title='bbox 245 1946 286 2018; x_wconf 89' lang='grc' dir='ltr'><strong><em>τὸ</em></strong></span> <span class='ocrx_word' id='word_1_139' title='bbox 308 1953 412 2034; x_wconf 86' lang='grc' dir='ltr'><strong><em>πέρας</em></strong></span> <span class='ocrx_word' id='word_1_140' title='bbox 428 1953 621 2070; x_wconf 66' lang='grc' dir='ltr'><strong><em>(εἰρῆσθαι).</em></strong></span> <span class='ocrx_word' id='word_1_141' title='bbox 652 1954 782 2040; x_wconf 80' lang='grc' dir='ltr'><strong><em>εἴρηται</em></strong></span> <span class='ocrx_word' id='word_1_142' title='bbox 804 1954 841 2019; x_wconf 86' lang='grc' dir='ltr'><strong><em>δέ</em></strong></span> <span class='ocrx_word' id='word_1_143' title='bbox 860 1956 1029 2022; x_wconf 88' lang='grc' dir='ltr'><strong><em>τοιοῦτον</em></strong></span> <span class='ocrx_word' id='word_1_144' title='bbox 1063 1954 1101 2021; x_wconf 89' lang='grc' dir='ltr'><strong><em>ἐν</em></strong></span> <span class='ocrx_word' id='word_1_145' title='bbox 1115 1955 1167 2039; x_wconf 83' lang='grc' dir='ltr'><strong><em>τῷ</em></strong></span> <span class='ocrx_word' id='word_1_146' title='bbox 1181 1943 1396 2040; x_wconf 72' lang='lat'><em>›26266666’</em></span> <span class='ocrx_word' id='word_1_147' title='bbox 1412 1941 1551 2034; x_wconf 82' lang='grc' dir='ltr'><strong><em>ἐθνοςῆ</em></strong></span> 
     </span>
     <span class='ocr_line' id='line_1_16' title="bbox 195 2044 1550 2140; baseline 0.003 -29"><span class='ocrx_word' id='word_1_148' title='bbox 195 2058 226 2111; x_wconf 87' lang='grc'><strong><em>15</em></strong></span> <span class='ocrx_word' id='word_1_149' title='bbox 244 2055 433 2132; x_wconf 81' lang='grc' dir='ltr'><strong><em>βασιλείανε,</em></strong></span> <span class='ocrx_word' id='word_1_150' title='bbox 454 2046 494 2120; x_wconf 87' lang='grc' dir='ltr'><strong><em>τὸ</em></strong></span> <span class='ocrx_word' id='word_1_151' title='bbox 517 2053 622 2138; x_wconf 83' lang='grc' dir='ltr'><strong><em>πέρας</em></strong></span> <span class='ocrx_word' id='word_1_152' title='bbox 637 2044 805 2120; x_wconf 89' lang='grc' dir='ltr'><strong><em>τοιοῦτόν</em></strong></span> <span class='ocrx_word' id='word_1_153' title='bbox 826 2053 908 2120; x_wconf 90' lang='grc' dir='ltr'><strong><em>ἐστι·</em></strong></span> <span class='ocrx_word' id='word_1_154' title='bbox 930 2047 1140 2138; x_wconf 81' lang='grc' dir='ltr'><strong><em>κατασκάψω</em></strong></span> <span class='ocrx_word' id='word_1_155' title='bbox 1165 2055 1296 2139; x_wconf 84' lang='grc' dir='ltr'><strong><em>λέγεται</em></strong></span> <span class='ocrx_word' id='word_1_156' title='bbox 1318 2054 1369 2140; x_wconf 83' lang='grc' dir='ltr'><strong><em>τῷ</em></strong></span> <span class='ocrx_word' id='word_1_157' title='bbox 1391 2052 1550 2136; x_wconf 83' lang='grc' dir='ltr'><strong><em>προτέρῳ</em></strong></span> 
     </span>
     <span class='ocr_line' id='line_1_17' title="bbox 244 2143 1551 2271; baseline -0.003 -53"><span class='ocrx_word' id='word_1_158' title='bbox 244 2151 337 2218; x_wconf 84' lang='grc' dir='ltr'><strong><em>ἔθνει</em></strong></span> <span class='ocrx_word' id='word_1_159' title='bbox 367 2145 408 2218; x_wconf 88' lang='grc' dir='ltr'><strong><em>τὸ</em></strong></span> <span class='ocrx_word' id='word_1_160' title='bbox 431 2152 544 2236; x_wconf 82' lang='grc' dir='ltr'><strong><em>πέρας,</em></strong></span> <span class='ocrx_word' id='word_1_161' title='bbox 572 2153 624 2238; x_wconf 81' lang='grc' dir='ltr'><strong><em>τῷ</em></strong></span> <span class='ocrx_word' id='word_1_162' title='bbox 652 2153 799 2238; x_wconf 84' lang='grc' dir='ltr'><strong><em>δευτέρῳ</em></strong></span> <span class='ocrx_word' id='word_1_163' title='bbox 823 2149 929 2219; x_wconf 87' lang='grc' dir='ltr'><strong><em>ἐθνει·</em></strong></span> <span class='ocrx_word' id='word_1_164' title='bbox 956 2143 1255 2271; x_wconf 72' lang='grc' dir='ltr'><strong><em>δνοικοδομήσω“</em></strong></span> <span class='ocrx_word' id='word_1_165' title='bbox 1235 2153 1326 2238; x_wconf 75' lang='grc' dir='ltr'><strong><em>υμᾶς.</em></strong></span> <span class='ocrx_word' id='word_1_166' title='bbox 1368 2157 1425 2225; x_wconf 82' lang='grc' dir='ltr'><strong><em>καὶ</em></strong></span> <span class='ocrx_word' id='word_1_167' title='bbox 1445 2143 1551 2218; x_wconf 87' lang='grc' dir='ltr'><strong><em>πάλιν</em></strong></span> 
     </span>
     <span class='ocr_line' id='line_1_18' title="bbox 244 2236 1549 2369; baseline -0.002 -53"><span class='ocrx_word' id='word_1_168' title='bbox 244 2247 414 2333; x_wconf 80' lang='grc' dir='ltr'><strong><em>ἐκριζῶσω</em></strong></span> <span class='ocrx_word' id='word_1_169' title='bbox 431 2265 504 2329; x_wconf 88' lang='grc' dir='ltr'><strong><em>τοῖς</em></strong></span> <span class='ocrx_word' id='word_1_170' title='bbox 517 2253 700 2337; x_wconf 87' lang='grc' dir='ltr'><strong><em>προτέροις</em></strong></span> <span class='ocrx_word' id='word_1_171' title='bbox 716 2254 856 2337; x_wconf 88' lang='grc' dir='ltr'><strong><em>λέγεται,</em></strong></span> <span class='ocrx_word' id='word_1_172' title='bbox 871 2257 925 2319; x_wconf 83' lang='grc' dir='ltr'><strong><em>καί</em></strong></span> <span class='ocrx_word' id='word_1_173' title='bbox 940 2248 1199 2369; x_wconf 76' lang='grc' dir='ltr'><strong><em>κατηφυτεῦσω</em></strong></span> <span class='ocrx_word' id='word_1_174' title='bbox 1204 2266 1276 2330; x_wconf 88' lang='grc' dir='ltr'><strong><em>τοῖς</em></strong></span> <span class='ocrx_word' id='word_1_175' title='bbox 1292 2251 1467 2368; x_wconf 80' lang='grc' dir='ltr'><strong><em>δεητέροις.</em></strong></span> <span class='ocrx_word' id='word_1_176' title='bbox 1497 2236 1549 2334; x_wconf 81' lang='grc' dir='ltr'><strong><em>ἆρ’</em></strong></span> 
     </span>
     <span class='ocr_line' id='line_1_19' title="bbox 243 2336 1551 2440; baseline -0.002 -24"><span class='ocrx_word' id='word_1_177' title='bbox 243 2336 305 2416; x_wconf 87' lang='grc' dir='ltr'><strong><em>οῦν</em></strong></span> <span class='ocrx_word' id='word_1_178' title='bbox 320 2347 444 2416; x_wconf 84' lang='grc' dir='ltr'><strong><em>ἐπεὶ”</em></strong></span> <span class='ocrx_word' id='word_1_179' title='bbox 414 2373 543 2435; x_wconf 88' lang='grc' dir='ltr'><strong><em>ειρηται</em></strong></span> <span class='ocrx_word' id='word_1_180' title='bbox 561 2375 603 2418; x_wconf 91' lang='grc' dir='ltr'><strong><em>το</em></strong></span> <span class='ocrx_word' id='word_1_181' title='bbox 591 2343 730 2437; x_wconf 86' lang='grc' dir='ltr'><strong><em>πέρας,</em></strong></span> <span class='ocrx_word' id='word_1_182' title='bbox 747 2353 798 2418; x_wconf 90' lang='grc' dir='ltr'><strong><em>δεῖ</em></strong></span> <span class='ocrx_word' id='word_1_183' title='bbox 808 2353 966 2435; x_wconf 88' lang='grc' dir='ltr'><strong><em>γενέσθαι</em></strong></span> <span class='ocrx_word' id='word_1_184' title='bbox 981 2376 1022 2419; x_wconf 93' lang='grc' dir='ltr'><strong><em>το</em></strong></span> <span class='ocrx_word' id='word_1_185' title='bbox 1010 2345 1159 2440; x_wconf 86' lang='grc' dir='ltr'><strong><em>πέρας,</em></strong></span> <span class='ocrx_word' id='word_1_186' title='bbox 1181 2377 1200 2418; x_wconf 95' lang='grc' dir='ltr'><strong><em>ο</em></strong></span> <span class='ocrx_word' id='word_1_187' title='bbox 1190 2342 1296 2428; x_wconf 72' lang='grc' dir='ltr'><strong><em>ιθεός</em></strong></span> <span class='ocrx_word' id='word_1_188' title='bbox 1310 2345 1354 2437; x_wconf 90' lang='grc' dir='ltr'><strong><em>μή</em></strong></span> <span class='ocrx_word' id='word_1_189' title='bbox 1369 2349 1551 2435; x_wconf 83' lang='grc' dir='ltr'><strong><em>μετανοῶν</em></strong></span> 
     </span>
     <span class='ocr_line' id='line_1_20' title="bbox 243 2443 1550 2566; baseline -0.002 -51"><span class='ocrx_word' id='word_1_190' title='bbox 243 2463 420 2535; x_wconf 75' lang='grc' dir='ltr'><strong><em>μετανοεῖν</em></strong></span> <span class='ocrx_word' id='word_1_191' title='bbox 448 2449 579 2566; x_wconf 73' lang='grc' dir='ltr'><strong><em>λέγεται</em></strong></span> <span class='ocrx_word' id='word_1_192' title='bbox 605 2445 692 2517; x_wconf 82' lang='grc' dir='ltr'><strong><em>κατὰ</em></strong></span> <span class='ocrx_word' id='word_1_193' title='bbox 719 2445 784 2536; x_wconf 87' lang='grc' dir='ltr'><strong><em>τήν</em></strong></span> <span class='ocrx_word' id='word_1_194' title='bbox 810 2443 954 2566; x_wconf 75' lang='grc' dir='ltr'><strong><em>γραηήν.</em></strong></span> <span class='ocrx_word' id='word_1_195' title='bbox 1001 2453 1056 2518; x_wconf 88' lang='grc' dir='ltr'><strong><em>καί</em></strong></span> <span class='ocrx_word' id='word_1_196' title='bbox 1078 2444 1281 2538; x_wconf 88' lang='grc' dir='ltr'><strong><em>πρόσχωμεν</em></strong></span> <span class='ocrx_word' id='word_1_197' title='bbox 1302 2453 1345 2534; x_wconf 83' lang='grc' dir='ltr'><strong><em>τῇ</em></strong></span> <span class='ocrx_word' id='word_1_198' title='bbox 1367 2451 1467 2531; x_wconf 73' lang='grc' dir='ltr'><strong><em>λέξει,</em></strong></span> <span class='ocrx_word' id='word_1_199' title='bbox 1495 2447 1550 2513; x_wconf 80' lang='grc' dir='ltr'><strong><em>ἵνα</em></strong></span> 
     </span>
     <span class='ocr_line' id='line_1_21' title="bbox 192 2539 1549 2666; baseline -0.002 -49.883"><span class='ocrx_word' id='word_1_200' title='bbox 192 2543 304 2663; x_wconf 65' lang='lat'><em>2066»</em></span> <span class='ocrx_word' id='word_1_201' title='bbox 319 2549 523 2633; x_wconf 79' lang='grc' dir='ltr'><strong><em>δυνηθῶμεν</em></strong></span> <span class='ocrx_word' id='word_1_202' title='bbox 538 2539 826 2666; x_wconf 78' lang='grc' dir='ltr'><strong><em>άπολογήσησθαι,</em></strong></span> <span class='ocrx_word' id='word_1_203' title='bbox 842 2552 917 2630; x_wconf 90' lang='grc' dir='ltr'><strong><em>πῶς</em></strong></span> <span class='ocrx_word' id='word_1_204' title='bbox 933 2552 1042 2616; x_wconf 89' lang='grc' dir='ltr'><strong><em>ταῦτα</em></strong></span> <span class='ocrx_word' id='word_1_205' title='bbox 1057 2554 1196 2635; x_wconf 88' lang='grc' dir='ltr'><strong><em>λέγεται.</em></strong></span> <span class='ocrx_word' id='word_1_206' title='bbox 1217 2551 1266 2632; x_wconf 87' lang='grc' dir='ltr'><strong><em>[εί]</em></strong></span> <span class='ocrx_word' id='word_1_207' title='bbox 1282 2549 1430 2635; x_wconf 79' lang='grc' dir='ltr'><strong><em>παραδεξ</em></strong></span> <span class='ocrx_word' id='word_1_208' title='bbox 1412 2543 1549 2662; x_wconf 75' lang='grc' dir='ltr'><strong><em>ξῶμεθα</em></strong></span> 
     </span>
     <span class='ocr_line' id='line_1_22' title="bbox 246 2640 1549 2766; baseline -0.002 -53"><span class='ocrx_word' id='word_1_209' title='bbox 246 2640 308 2714; x_wconf 90' lang='grc' dir='ltr'><strong><em>τόν</em></strong></span> <span class='ocrx_word' id='word_1_210' title='bbox 336 2641 449 2732; x_wconf 91' lang='grc' dir='ltr'><strong><em>λόγον.</em></strong></span> <span class='ocrx_word' id='word_1_211' title='bbox 498 2650 620 2734; x_wconf 74' lang='grc' dir='ltr'><strong><em>»πέρας</em></strong></span> <span class='ocrx_word' id='word_1_212' title='bbox 647 2642 801 2735; x_wconf 77' lang='grc' dir='ltr'><strong><em>λαλήσωε</em></strong></span> <span class='ocrx_word' id='word_1_213' title='bbox 828 2652 947 2736; x_wconf 79' lang='grc' dir='ltr'><strong><em>φησίν</em></strong></span> <span class='ocrx_word' id='word_1_214' title='bbox 956 2649 1029 2766; x_wconf 74' lang='grc' dir='ltr'><strong><em>»ἐπὶ</em></strong></span> <span class='ocrx_word' id='word_1_215' title='bbox 1050 2641 1195 2728; x_wconf 84' lang='grc' dir='ltr'><strong><em>ἐθνος</em></strong></span> <span class='ocrx_word' id='word_1_216' title='bbox 1174 2673 1194 2734; x_wconf 97' lang='grc' dir='ltr'><strong><em>η</em></strong></span> <span class='ocrx_word' id='word_1_217' title='bbox 1218 2650 1273 2716; x_wconf 83' lang='grc' dir='ltr'><strong><em>ἐπὶ</em></strong></span> <span class='ocrx_word' id='word_1_218' title='bbox 1295 2650 1465 2728; x_wconf 79' lang='grc' dir='ltr'><strong><em>βασιλείαν</em></strong></span> <span class='ocrx_word' id='word_1_219' title='bbox 1485 2649 1549 2712; x_wconf 87' lang='grc' dir='ltr'><strong><em>τοῦ</em></strong></span> 
     </span>
     <span class='ocr_line' id='line_1_23' title="bbox 158 2737 1548 2868; baseline 0.001 -56"><span class='ocrx_word' id='word_1_220' title='bbox 158 2756 227 2812; x_wconf 81' lang='lat' dir='ltr'>301r</span> <span class='ocrx_word' id='word_1_221' title='bbox 244 2745 357 2864; x_wconf 77' lang='grc' dir='ltr'><strong><em>ἐξᾶραι</em></strong></span> <span class='ocrx_word' id='word_1_222' title='bbox 388 2739 512 2824; x_wconf 79' lang='grc' dir='ltr'><strong><em>αὐτοὺς</em></strong></span> <span class='ocrx_word' id='word_1_223' title='bbox 541 2751 597 2814; x_wconf 81' lang='grc' dir='ltr'><strong><em>καί</em></strong></span> <span class='ocrx_word' id='word_1_224' title='bbox 616 2737 1217 2868; x_wconf 71' lang='grc' dir='ltr'><strong><em>άπολληίειν,1καίἐάνέπιστρέηιη</em></strong></span> <span class='ocrx_word' id='word_1_225' title='bbox 1244 2744 1284 2817; x_wconf 86' lang='grc' dir='ltr'><strong><em>τό</em></strong></span> <span class='ocrx_word' id='word_1_226' title='bbox 1312 2747 1413 2864; x_wconf 82' lang='grc' dir='ltr'><strong><em>ἔθνος</em></strong></span> <span class='ocrx_word' id='word_1_227' title='bbox 1440 2743 1548 2814; x_wconf 86' lang='grc' dir='ltr'><strong><em>ἐκεῖνο</em></strong></span> 
     </span>
     <span class='ocr_line' id='line_1_24' title="bbox 244 2835 1546 2934; baseline -0.002 -22"><span class='ocrx_word' id='word_1_228' title='bbox 244 2835 313 2914; x_wconf 86' lang='grc' dir='ltr'><strong><em>άπὸ</em></strong></span> <span class='ocrx_word' id='word_1_229' title='bbox 339 2848 414 2914; x_wconf 91' lang='grc' dir='ltr'><strong><em>τῶν</em></strong></span> <span class='ocrx_word' id='word_1_230' title='bbox 439 2850 557 2915; x_wconf 83' lang='grc' dir='ltr'><strong><em>κακῶν</em></strong></span> <span class='ocrx_word' id='word_1_231' title='bbox 584 2840 701 2914; x_wconf 78' lang='grc' dir='ltr'><strong><em>αὐτῶν</em></strong></span> <span class='ocrx_word' id='word_1_232' title='bbox 728 2836 779 2914; x_wconf 86' lang='lat' dir='ltr'><strong><em>6v</em></strong></span> <span class='ocrx_word' id='word_1_233' title='bbox 804 2840 952 2934; x_wconf 78' lang='grc' dir='ltr'><strong><em>ἐλάλησα</em></strong></span> <span class='ocrx_word' id='word_1_234' title='bbox 973 2839 1025 2915; x_wconf 76' lang='grc' dir='ltr'><strong><em>ἐπ’</em></strong></span> <span class='ocrx_word' id='word_1_235' title='bbox 1048 2841 1146 2930; x_wconf 85' lang='grc' dir='ltr'><strong><em>αδτό,</em></strong></span> <span class='ocrx_word' id='word_1_236' title='bbox 1173 2851 1229 2916; x_wconf 84' lang='grc' dir='ltr'><strong><em>καὶ</em></strong></span> <span class='ocrx_word' id='word_1_237' title='bbox 1249 2841 1450 2933; x_wconf 92' lang='grc' dir='ltr'><strong><em>μετανοήσω</em></strong></span> <span class='ocrx_word' id='word_1_238' title='bbox 1472 2847 1546 2933; x_wconf 74' lang='grc' dir='ltr'><strong><em>περὶ</em></strong></span> 
     </span>
     <span class='ocr_line' id='line_1_25' title="bbox 244 2934 1547 3065; baseline 0.002 -55"><span class='ocrx_word' id='word_1_239' title='bbox 244 2947 318 3011; x_wconf 92' lang='grc' dir='ltr'><strong><em>τῶν</em></strong></span> <span class='ocrx_word' id='word_1_240' title='bbox 338 2948 469 3024; x_wconf 90' lang='grc' dir='ltr'><strong><em>κακῶν,</em></strong></span> <span class='ocrx_word' id='word_1_241' title='bbox 494 2934 546 3013; x_wconf 86' lang='grc' dir='ltr'><strong><em>ῶν</em></strong></span> <span class='ocrx_word' id='word_1_242' title='bbox 567 2939 767 3034; x_wconf 78' lang='grc' dir='ltr'><strong><em>ἐλογισάμην</em></strong></span> <span class='ocrx_word' id='word_1_243' title='bbox 787 2949 851 3015; x_wconf 89' lang='grc' dir='ltr'><strong><em>τοῦ</em></strong></span> <span class='ocrx_word' id='word_1_244' title='bbox 872 2949 1011 3033; x_wconf 85' lang='grc' dir='ltr'><strong><em>ποιῆσαι</em></strong></span> <span class='ocrx_word' id='word_1_245' title='bbox 1033 2939 1261 3027; x_wconf 77' lang='grc' dir='ltr'><strong><em>αὐτοῖςκαὶ</em></strong></span> <span class='ocrx_word' id='word_1_246' title='bbox 1282 2949 1387 3032; x_wconf 86' lang='grc' dir='ltr'><strong><em>πέρας</em></strong></span> <span class='ocrx_word' id='word_1_247' title='bbox 1409 2939 1547 3065; x_wconf 83' lang='grc' dir='ltr'><strong><em>λαλήσω</em></strong></span> 
     </span>
     <span class='ocr_line' id='line_1_26' title="bbox 191 3036 1547 3132; baseline 0.002 -23"><span class='ocrx_word' id='word_1_248' title='bbox 191 3053 224 3108; x_wconf 82' lang='grc'><strong><em>25</em></strong></span> <span class='ocrx_word' id='word_1_249' title='bbox 243 3044 298 3111; x_wconf 83' lang='grc' dir='ltr'><strong><em>ἐπὶ</em></strong></span> <span class='ocrx_word' id='word_1_250' title='bbox 320 3036 465 3123; x_wconf 88' lang='grc' dir='ltr'><strong><em>εθνος</em></strong></span> <span class='ocrx_word' id='word_1_251' title='bbox 443 3069 463 3130; x_wconf 95' lang='grc' dir='ltr'><strong><em>η</em></strong></span> <span class='ocrx_word' id='word_1_252' title='bbox 487 3047 541 3112; x_wconf 82' lang='grc' dir='ltr'><strong><em>ἐπὶ</em></strong></span> <span class='ocrx_word' id='word_1_253' title='bbox 564 3049 736 3127; x_wconf 82' lang='grc' dir='ltr'><strong><em>βασιλείαν</em></strong></span> <span class='ocrx_word' id='word_1_254' title='bbox 756 3047 820 3114; x_wconf 91' lang='grc' dir='ltr'><strong><em>τοῦ</em></strong></span> <span class='ocrx_word' id='word_1_255' title='bbox 842 3037 1138 3132; x_wconf 88' lang='grc' dir='ltr'><strong><em>άνοικοδομεῖσθαι</em></strong></span> <span class='ocrx_word' id='word_1_256' title='bbox 1158 3049 1214 3115; x_wconf 86' lang='grc' dir='ltr'><strong><em>καὶ</em></strong></span> <span class='ocrx_word' id='word_1_257' title='bbox 1236 3048 1300 3115; x_wconf 91' lang='grc' dir='ltr'><strong><em>τοῦ</em></strong></span> <span class='ocrx_word' id='word_1_258' title='bbox 1319 3040 1547 3129; x_wconf 80' lang='grc' dir='ltr'><strong><em>καταφυτεῦε-</em></strong></span> 
     </span>
     <span class='ocr_line' id='line_1_27' title="bbox 243 3136 1548 3232; baseline 0.001 -20"><span class='ocrx_word' id='word_1_259' title='bbox 243 3152 337 3226; x_wconf 91' lang='grc' dir='ltr'><strong><em>σθαι,</em></strong></span> <span class='ocrx_word' id='word_1_260' title='bbox 363 3147 420 3210; x_wconf 89' lang='grc' dir='ltr'><strong><em>καὶ</em></strong></span> <span class='ocrx_word' id='word_1_261' title='bbox 445 3139 625 3232; x_wconf 84' lang='grc' dir='ltr'><strong><em>ποιήσουσι</em></strong></span> <span class='ocrx_word' id='word_1_262' title='bbox 652 3140 695 3212; x_wconf 84' lang='grc' dir='ltr'><strong><em>τὰ</em></strong></span> <span class='ocrx_word' id='word_1_263' title='bbox 720 3140 854 3232; x_wconf 84' lang='grc' dir='ltr'><strong><em>πονηρὰ</em></strong></span> <span class='ocrx_word' id='word_1_264' title='bbox 881 3146 1039 3214; x_wconf 90' lang='grc' dir='ltr'><strong><em>ἐναντίον</em></strong></span> <span class='ocrx_word' id='word_1_265' title='bbox 1064 3147 1145 3232; x_wconf 83' lang='grc' dir='ltr'><strong><em>ἐμοῦ</em></strong></span> <span class='ocrx_word' id='word_1_266' title='bbox 1171 3149 1234 3214; x_wconf 89' lang='grc' dir='ltr'><strong><em>τοῦ</em></strong></span> <span class='ocrx_word' id='word_1_267' title='bbox 1260 3141 1304 3232; x_wconf 87' lang='grc' dir='ltr'><strong><em>μή</em></strong></span> <span class='ocrx_word' id='word_1_268' title='bbox 1326 3136 1466 3213; x_wconf 87' lang='grc' dir='ltr'><strong><em>άκοῦσαι</em></strong></span> <span class='ocrx_word' id='word_1_269' title='bbox 1487 3146 1548 3231; x_wconf 85' lang='grc' dir='ltr'><strong><em>τής</em></strong></span> 
     </span>
     <span class='ocr_line' id='line_1_28' title="bbox 244 3233 1549 3332; baseline -0.002 -20"><span class='ocrx_word' id='word_1_270' title='bbox 244 3246 362 3330; x_wconf 82' lang='grc' dir='ltr'><strong><em>φωνῆς</em></strong></span> <span class='ocrx_word' id='word_1_271' title='bbox 384 3269 457 3329; x_wconf 90' lang='grc' dir='ltr'><strong><em>μου,</em></strong></span> <span class='ocrx_word' id='word_1_272' title='bbox 480 3246 535 3312; x_wconf 88' lang='grc' dir='ltr'><strong><em>καί</em></strong></span> <span class='ocrx_word' id='word_1_273' title='bbox 552 3239 753 3331; x_wconf 88' lang='grc' dir='ltr'><strong><em>μετανοήσω</em></strong></span> <span class='ocrx_word' id='word_1_274' title='bbox 769 3247 843 3330; x_wconf 83' lang='grc' dir='ltr'><strong><em>περὶ</em></strong></span> <span class='ocrx_word' id='word_1_275' title='bbox 860 3247 933 3311; x_wconf 92' lang='grc' dir='ltr'><strong><em>τῶν</em></strong></span> <span class='ocrx_word' id='word_1_276' title='bbox 948 3238 1093 3331; x_wconf 85' lang='grc' dir='ltr'><strong><em>άγαθῶν</em></strong></span> <span class='ocrx_word' id='word_1_277' title='bbox 1109 3233 1164 3314; x_wconf 87' lang='grc' dir='ltr'><strong><em>ῶν</em></strong></span> <span class='ocrx_word' id='word_1_278' title='bbox 1175 3240 1320 3332; x_wconf 85' lang='grc' dir='ltr'><strong><em>ἐλάλησα</em></strong></span> <span class='ocrx_word' id='word_1_279' title='bbox 1335 3246 1397 3312; x_wconf 90' lang='grc' dir='ltr'><strong><em>τοῦ</em></strong></span> <span class='ocrx_word' id='word_1_280' title='bbox 1411 3247 1549 3331; x_wconf 82' lang='grc' dir='ltr'><strong><em>ποιήσαι</em></strong></span> 
     </span>
     <span class='ocr_line' id='line_1_29' title="bbox 122 3335 1547 3431; baseline -0.004 -17"><span class='ocrx_word' id='word_1_281' title='bbox 122 3407 125 3414; x_wconf 93' lang='grc'><strong><em>.</em></strong></span> <span class='ocrx_word' id='word_1_282' title='bbox 244 3336 387 3423; x_wconf 76' lang='grc' dir='ltr'><strong><em>αότοῖςε.</em></strong></span> <span class='ocrx_word' id='word_1_283' title='bbox 426 3345 586 3430; x_wconf 82' lang='grc' dir='ltr'><strong><em>περὶτῆς</em></strong></span> <span class='ocrx_word' id='word_1_284' title='bbox 607 3347 787 3430; x_wconf 88' lang='grc' dir='ltr'><strong><em>μετανοίας</em></strong></span> <span class='ocrx_word' id='word_1_285' title='bbox 808 3347 872 3412; x_wconf 93' lang='grc' dir='ltr'><strong><em>τοῦ</em></strong></span> <span class='ocrx_word' id='word_1_286' title='bbox 893 3347 978 3413; x_wconf 92' lang='grc' dir='ltr'><strong><em>θεοῦ</em></strong></span> <span class='ocrx_word' id='word_1_287' title='bbox 999 3335 1234 3431; x_wconf 87' lang='grc' dir='ltr'><strong><em>άπαιτοῦμεθα</em></strong></span> <span class='ocrx_word' id='word_1_288' title='bbox 1257 3336 1547 3430; x_wconf 80' lang='grc' dir='ltr'><strong><em>ἀπολογήσασθαι·</em></strong></span> 
     </span>
     <span class='ocr_line' id='line_1_30' title="bbox 243 3434 1547 3563; baseline -0.001 -54"><span class='ocrx_word' id='word_1_289' title='bbox 243 3444 336 3511; x_wconf 90' lang='grc' dir='ltr'><strong><em>δοκεῖ</em></strong></span> <span class='ocrx_word' id='word_1_290' title='bbox 355 3439 418 3529; x_wconf 81' lang='grc' dir='ltr'><strong><em>γάρ</em></strong></span> <span class='ocrx_word' id='word_1_291' title='bbox 441 3443 632 3530; x_wconf 88' lang='grc' dir='ltr'><strong><em>ἐπίληπτον</em></strong></span> <span class='ocrx_word' id='word_1_292' title='bbox 653 3441 739 3513; x_wconf 81' lang='grc' dir='ltr'><strong><em>εἶναι</em></strong></span> <span class='ocrx_word' id='word_1_293' title='bbox 758 3447 816 3563; x_wconf 76' lang='grc' dir='ltr'><strong><em>κηὶ</em></strong></span> <span class='ocrx_word' id='word_1_294' title='bbox 836 3434 987 3527; x_wconf 81' lang='grc' dir='ltr'><strong><em>άνάξιον,</em></strong></span> <span class='ocrx_word' id='word_1_295' title='bbox 1010 3437 1051 3560; x_wconf 86' lang='lat'><strong><em>66</em></strong></span> <span class='ocrx_word' id='word_1_296' title='bbox 1072 3439 1180 3562; x_wconf 76' lang='grc' dir='ltr'><strong><em>μόνην</em></strong></span> <span class='ocrx_word' id='word_1_297' title='bbox 1201 3447 1264 3511; x_wconf 88' lang='grc' dir='ltr'><strong><em>τοῦ</em></strong></span> <span class='ocrx_word' id='word_1_298' title='bbox 1285 3447 1369 3512; x_wconf 85' lang='grc' dir='ltr'><strong><em>θεοῦ</em></strong></span> <span class='ocrx_word' id='word_1_299' title='bbox 1391 3435 1547 3512; x_wconf 79' lang='grc' dir='ltr'><strong><em>ἀλλὰκαὶ</em></strong></span> 
     </span>
     <span class='ocr_line' id='line_1_31' title="bbox 191 3535 1547 3660; baseline 0.002 -52"><span class='ocrx_word' id='word_1_300' title='bbox 191 3551 226 3608; x_wconf 85' lang='grc'><strong><em>30</em></strong></span> <span class='ocrx_word' id='word_1_301' title='bbox 241 3543 306 3610; x_wconf 88' lang='grc' dir='ltr'><strong><em>τοῦ</em></strong></span> <span class='ocrx_word' id='word_1_302' title='bbox 327 3545 446 3660; x_wconf 72' lang='grc' dir='ltr'><strong><em>σοφοῦ,</em></strong></span> <span class='ocrx_word' id='word_1_303' title='bbox 469 3537 510 3611; x_wconf 88' lang='grc' dir='ltr'><strong><em>τὸ</em></strong></span> <span class='ocrx_word' id='word_1_304' title='bbox 533 3557 717 3629; x_wconf 76' lang='grc' dir='ltr'><strong><em>μετανοεῖν</em></strong></span> <span class='ocrx_word' id='word_1_305' title='bbox 755 3535 817 3611; x_wconf 82' lang='grc' dir='ltr'><strong><em>οῦκ</em></strong></span> <span class='ocrx_word' id='word_1_306' title='bbox 839 3538 1024 3610; x_wconf 91' lang='grc' dir='ltr'><strong><em>ἐπινοῶ</em></strong></span> <span class='ocrx_word' id='word_1_307' title='bbox 989 3568 1051 3630; x_wconf 91' lang='grc' dir='ltr'><strong><em>γαρ</em></strong></span> <span class='ocrx_word' id='word_1_308' title='bbox 1073 3538 1184 3629; x_wconf 87' lang='grc' dir='ltr'><strong><em>σοφόν</em></strong></span> <span class='ocrx_word' id='word_1_309' title='bbox 1206 3546 1449 3660; x_wconf 86' lang='grc' dir='ltr'><strong><em>μετανοοῦντα,</em></strong></span> <span class='ocrx_word' id='word_1_310' title='bbox 1472 3535 1547 3611; x_wconf 86' lang='grc' dir='ltr'><strong><em>άλλ</em></strong></span> 
     </span>
     <span class='ocr_line' id='line_1_32' title="bbox 244 3631 1546 3732; baseline -0.002 -22"><span class='ocrx_word' id='word_1_311' title='bbox 244 3632 262 3710; x_wconf 89' lang='grc' dir='ltr'><strong><em>δ</em></strong></span> <span class='ocrx_word' id='word_1_312' title='bbox 284 3643 473 3728; x_wconf 90' lang='grc' dir='ltr'><strong><em>μετανοῶν,</em></strong></span> <span class='ocrx_word' id='word_1_313' title='bbox 498 3631 580 3710; x_wconf 81' lang='grc' dir='ltr'><strong><em>ὅσον</em></strong></span> <span class='ocrx_word' id='word_1_314' title='bbox 601 3642 655 3710; x_wconf 84' lang='grc' dir='ltr'><strong><em>ἐπὶ</em></strong></span> <span class='ocrx_word' id='word_1_315' title='bbox 679 3663 720 3728; x_wconf 86' lang='grc' dir='ltr'><strong><em>τη</em></strong></span> <span class='ocrx_word' id='word_1_316' title='bbox 706 3646 906 3732; x_wconf 81' lang='grc' dir='ltr'><strong><em>’συνηθείᾳ</em></strong></span> <span class='ocrx_word' id='word_1_317' title='bbox 929 3644 991 3728; x_wconf 82' lang='grc' dir='ltr'><strong><em>τῆς</em></strong></span> <span class='ocrx_word' id='word_1_318' title='bbox 1010 3636 1160 3728; x_wconf 89' lang='grc' dir='ltr'><strong><em>χρήσεως</em></strong></span> <span class='ocrx_word' id='word_1_319' title='bbox 1183 3646 1243 3730; x_wconf 82' lang='grc' dir='ltr'><strong><em>τῆς</em></strong></span> <span class='ocrx_word' id='word_1_320' title='bbox 1266 3645 1395 3726; x_wconf 73' lang='grc' dir='ltr'><strong><em>λέξεως,</em></strong></span> <span class='ocrx_word' id='word_1_321' title='bbox 1419 3641 1472 3708; x_wconf 85' lang='grc' dir='ltr'><strong><em>ἐπὶ</em></strong></span> <span class='ocrx_word' id='word_1_322' title='bbox 1495 3645 1546 3727; x_wconf 82' lang='grc' dir='ltr'><strong><em>τῷ</em></strong></span> 
     </span>
     <span class='ocr_line' id='line_1_33' title="bbox 240 3729 1548 3860; baseline -0.002 -52"><span class='ocrx_word' id='word_1_323' title='bbox 240 3737 285 3826; x_wconf 92' lang='grc' dir='ltr'><strong><em>μή</em></strong></span> <span class='ocrx_word' id='word_1_324' title='bbox 311 3744 426 3819; x_wconf 91' lang='grc' dir='ltr'><strong><em>καλῶς</em></strong></span> <span class='ocrx_word' id='word_1_325' title='bbox 451 3743 690 3860; x_wconf 74' lang='grc' dir='ltr'><strong><em>δεδουλῶσθαι</em></strong></span> <span class='ocrx_word' id='word_1_326' title='bbox 716 3758 879 3829; x_wconf 88' lang='grc' dir='ltr'><strong><em>μετανοεῖ.</em></strong></span> <span class='ocrx_word' id='word_1_327' title='bbox 924 3733 1047 3821; x_wconf 86' lang='grc' dir='ltr'><strong><em>δθεὸς</em></strong></span> <span class='ocrx_word' id='word_1_328' title='bbox 1075 3744 1124 3824; x_wconf 89' lang='grc' dir='ltr'><strong><em>δέ,</em></strong></span> <span class='ocrx_word' id='word_1_329' title='bbox 1150 3737 1391 3858; x_wconf 73' lang='grc' dir='ltr'><strong><em>προγνῶητης</em></strong></span> <span class='ocrx_word' id='word_1_330' title='bbox 1401 3729 1451 3806; x_wconf 79' lang='grc' dir='ltr'><strong><em>ῶν</em></strong></span> <span class='ocrx_word' id='word_1_331' title='bbox 1474 3743 1548 3806; x_wconf 90' lang='grc' dir='ltr'><strong><em>τῶν</em></strong></span> 
     </span>
     <span class='ocr_line' id='line_1_34' title="bbox 241 3832 1547 3959; baseline -0.001 -52"><span class='ocrx_word' id='word_1_332' title='bbox 241 3835 450 3926; x_wconf 89' lang='grc' dir='ltr'><strong><em>μελλόντων,</em></strong></span> <span class='ocrx_word' id='word_1_333' title='bbox 474 3866 514 3957; x_wconf 85' lang='lat'><strong><em>06</em></strong></span> <span class='ocrx_word' id='word_1_334' title='bbox 505 3832 678 3958; x_wconf 75' lang='lat' dir='ltr'><em>&#39;6661ch</em></span> <span class='ocrx_word' id='word_1_335' title='bbox 686 3836 871 3959; x_wconf 77' lang='grc' dir='ltr'><strong><em>μὴκαλῶς</em></strong></span> <span class='ocrx_word' id='word_1_336' title='bbox 886 3843 1135 3923; x_wconf 81' lang='grc' dir='ltr'><strong><em>βεβουλεῦσθαι,</em></strong></span> <span class='ocrx_word' id='word_1_337' title='bbox 1150 3837 1312 3926; x_wconf 81' lang='grc' dir='ltr'><strong><em>καίπαρά</em></strong></span> <span class='ocrx_word' id='word_1_338' title='bbox 1328 3844 1432 3908; x_wconf 89' lang='grc' dir='ltr'><strong><em>τοῦτο</em></strong></span> <span class='ocrx_word' id='word_1_339' title='bbox 1448 3865 1547 3926; x_wconf 92' lang='grc' dir='ltr'><strong><em>μετα-</em></strong></span> 
     </span>
     <span class='ocr_line' id='line_1_35' title="bbox 242 3928 1547 4056; baseline -0.001 -49"><span class='ocrx_word' id='word_1_340' title='bbox 242 3955 340 4009; x_wconf 91' lang='grc' dir='ltr'><strong><em>νοεῖν.</em></strong></span> <span class='ocrx_word' id='word_1_341' title='bbox 375 3943 451 4018; x_wconf 88' lang='grc' dir='ltr'><strong><em>πῶς</em></strong></span> <span class='ocrx_word' id='word_1_342' title='bbox 474 3928 536 4008; x_wconf 85' lang='grc' dir='ltr'><strong><em>οῦν</em></strong></span> <span class='ocrx_word' id='word_1_343' title='bbox 551 3932 572 4026; x_wconf 88' lang='grc' dir='ltr'><strong><em>ή</em></strong></span> <span class='ocrx_word' id='word_1_344' title='bbox 587 3935 699 4026; x_wconf 86' lang='grc' dir='ltr'><strong><em>γραφή</em></strong></span> <span class='ocrx_word' id='word_1_345' title='bbox 722 3932 829 4008; x_wconf 85' lang='grc' dir='ltr'><strong><em>αῦτόν</em></strong></span> <span class='ocrx_word' id='word_1_346' title='bbox 848 3933 1000 4026; x_wconf 82' lang='grc' dir='ltr'><strong><em>εἰσήγαγε</em></strong></span> <span class='ocrx_word' id='word_1_347' title='bbox 1014 3943 1160 4026; x_wconf 90' lang='grc' dir='ltr'><strong><em>λέγοντα</em></strong></span> <span class='ocrx_word' id='word_1_348' title='bbox 1177 3933 1425 4056; x_wconf 74' lang='grc' dir='ltr'><strong><em>εμετανοήσηοε,</em></strong></span> <span class='ocrx_word' id='word_1_349' title='bbox 1448 3929 1547 4008; x_wconf 88' lang='grc' dir='ltr'><strong><em>οῦπω</em></strong></span> 
     </span>
    </p>
   </div>
   <div class='ocr_carea' id='block_1_3' title="bbox 189 4031 1549 4148">
    <p class='ocr_par' dir='ltr' id='par_1_3' title="bbox 189 4031 1549 4148">
     <span class='ocr_line' id='line_1_36' title="bbox 189 4031 1549 4148; baseline -0.001 -43"><span class='ocrx_word' id='word_1_350' title='bbox 189 4051 223 4107; x_wconf 88' lang='grc'><strong><em>35</em></strong></span> <span class='ocrx_word' id='word_1_351' title='bbox 241 4042 339 4123; x_wconf 83' lang='grc' dir='ltr'><strong><em>λέγω,</em></strong></span> <span class='ocrx_word' id='word_1_352' title='bbox 361 4041 417 4148; x_wconf 81' lang='grc' dir='ltr'><strong><em>καί</em></strong></span> <span class='ocrx_word' id='word_1_353' title='bbox 439 4039 476 4106; x_wconf 90' lang='grc' dir='ltr'><strong><em>ἐν</em></strong></span> <span class='ocrx_word' id='word_1_354' title='bbox 498 4051 571 4118; x_wconf 90' lang='grc' dir='ltr'><strong><em>ταῖς</em></strong></span> <span class='ocrx_word' id='word_1_355' title='bbox 587 4042 778 4118; x_wconf 89' lang='grc' dir='ltr'><strong><em>Βασιλείαις</em></strong></span> <span class='ocrx_word' id='word_1_356' title='bbox 798 4039 927 4125; x_wconf 87' lang='grc' dir='ltr'><strong><em>είρηται</em></strong></span> <span class='ocrx_word' id='word_1_357' title='bbox 946 4039 983 4106; x_wconf 89' lang='grc' dir='ltr'><strong><em>ἐν</em></strong></span> <span class='ocrx_word' id='word_1_358' title='bbox 998 4064 1049 4126; x_wconf 88' lang='grc' dir='ltr'><strong><em>τῳ</em></strong></span> <span class='ocrx_word' id='word_1_359' title='bbox 1032 4031 1386 4126; x_wconf 54' lang='grc' dir='ltr'><strong><em>ὐνμεταμεμέλημαι</em></strong></span> <span class='ocrx_word' id='word_1_360' title='bbox 1365 4063 1420 4106; x_wconf 92' lang='grc' dir='ltr'><strong><em>οτι</em></strong></span> <span class='ocrx_word' id='word_1_361' title='bbox 1436 4037 1549 4124; x_wconf 85' lang='grc' dir='ltr'><strong><em>ἐχρισα</em></strong></span> 
     </span>
    </p>
   </div>
   <div class='ocr_carea' id='block_1_4' title="bbox 240 4189 1565 4425">
    <p class='ocr_par' dir='ltr' id='par_1_4' title="bbox 240 4189 1565 4425">
     <span class='ocr_line' id='line_1_37' title="bbox 327 4189 1546 4262; baseline -0.002 -16"><span class='ocrx_word' id='word_1_362' title='bbox 327 4189 425 4260; x_wconf 77' lang='lat' dir='ltr'>lvgl.</span> <span class='ocrx_word' id='word_1_363' title='bbox 444 4189 586 4257; x_wconf 68' lang='grc' dir='ltr'><strong><em>Μαίαε,</em></strong></span> <span class='ocrx_word' id='word_1_364' title='bbox 606 4192 639 4248; x_wconf 90' lang='grc'><strong><em>10</em></strong></span> <span class='ocrx_word' id='word_1_365' title='bbox 669 4190 737 4245; x_wconf 76' lang='lat' dir='ltr'><strong>Luk.</strong></span> <span class='ocrx_word' id='word_1_366' title='bbox 756 4193 780 4254; x_wconf 86' lang='lat'><strong><em>3,</em></strong></span> <span class='ocrx_word' id='word_1_367' title='bbox 799 4192 823 4246; x_wconf 83' lang='lat'><strong><em>9.</em></strong></span> <span class='ocrx_word' id='word_1_368' title='bbox 850 4219 883 4231; x_wconf 89' lang='lat'>—</span> <span class='ocrx_word' id='word_1_369' title='bbox 907 4190 926 4247; x_wconf 74' lang='grc' dir='ltr'><strong><em>δ</em></strong></span> <span class='ocrx_word' id='word_1_370' title='bbox 950 4189 1037 4249; x_wconf 85' lang='lat' dir='ltr'>Exod.</span> <span class='ocrx_word' id='word_1_371' title='bbox 1056 4193 1096 4256; x_wconf 89' lang='grc'><strong><em>15,</em></strong></span> <span class='ocrx_word' id='word_1_372' title='bbox 1115 4193 1155 4246; x_wconf 82' lang='lat'><strong><em>17.</em></strong></span> <span class='ocrx_word' id='word_1_373' title='bbox 1188 4190 1252 4261; x_wconf 81' lang='lat' dir='ltr'><strong>vgl.</strong></span> <span class='ocrx_word' id='word_1_374' title='bbox 1270 4189 1350 4245; x_wconf 90' lang='lat' dir='ltr'><strong>Philo</strong></span> <span class='ocrx_word' id='word_1_375' title='bbox 1369 4191 1403 4246; x_wconf 79' lang='lat' dir='ltr'><strong><em>de</em></strong></span> <span class='ocrx_word' id='word_1_376' title='bbox 1421 4191 1507 4262; x_wconf 78' lang='lat' dir='ltr'><strong>plant.</strong></span> <span class='ocrx_word' id='word_1_377' title='bbox 1526 4191 1546 4258; x_wconf 87' lang='lat'><strong><em>1,</em></strong></span> 
     </span>
     <span class='ocr_line' id='line_1_38' title="bbox 242 4272 1565 4354; baseline -0.002 -25"><span class='ocrx_word' id='word_1_378' title='bbox 242 4274 300 4330; x_wconf 91' lang='grc'><strong>336.</strong></span> <span class='ocrx_word' id='word_1_379' title='bbox 318 4275 367 4329; x_wconf 82' lang='grc'><strong><em>337</em></strong></span> <span class='ocrx_word' id='word_1_380' title='bbox 394 4272 444 4327; x_wconf 73' lang='lat' dir='ltr'><strong><em>M?</em></strong></span> <span class='ocrx_word' id='word_1_381' title='bbox 470 4303 503 4312; x_wconf 94' lang='lat'><em>-</em></span> <span class='ocrx_word' id='word_1_382' title='bbox 534 4273 551 4328; x_wconf 81' lang='grc'><strong>3</strong></span> <span class='ocrx_word' id='word_1_383' title='bbox 579 4274 641 4343; x_wconf 77' lang='lat' dir='ltr'>Vgl.</span> <span class='ocrx_word' id='word_1_384' title='bbox 664 4275 732 4354; x_wconf 66' lang='lat' dir='ltr'><strong>Luk.</strong></span> <span class='ocrx_word' id='word_1_385' title='bbox 757 4277 797 4341; x_wconf 85' lang='lat'><strong><em>13,</em></strong></span> <span class='ocrx_word' id='word_1_386' title='bbox 822 4277 845 4330; x_wconf 81' lang='lat'><strong><em>7.</em></strong></span> <span class='ocrx_word' id='word_1_387' title='bbox 872 4305 905 4314; x_wconf 97' lang='lat'>-</span> <span class='ocrx_word' id='word_1_388' title='bbox 931 4276 964 4331; x_wconf 91' lang='lat'><strong><em>11</em></strong></span> <span class='ocrx_word' id='word_1_389' title='bbox 983 4275 1054 4348; x_wconf 29' lang='lat' dir='ltr'><strong><em>1ng.</em></strong></span> <span class='ocrx_word' id='word_1_390' title='bbox 1073 4275 1142 4347; x_wconf 77' lang='lat' dir='ltr'><strong>Eph.</strong></span> <span class='ocrx_word' id='word_1_391' title='bbox 1160 4276 1185 4339; x_wconf 89' lang='grc'><strong><em>5,</em></strong></span> <span class='ocrx_word' id='word_1_392' title='bbox 1203 4277 1243 4330; x_wconf 82' lang='grc'><strong><em>32.</em></strong></span> <span class='ocrx_word' id='word_1_393' title='bbox 1275 4304 1308 4312; x_wconf 97' lang='grc'>-</span> <span class='ocrx_word' id='word_1_394' title='bbox 1337 4275 1414 4332; x_wconf 78' lang='grc'><strong><em>1311.</em></strong></span> <span class='ocrx_word' id='word_1_395' title='bbox 1437 4275 1498 4344; x_wconf 83' lang='lat' dir='ltr'><strong><em>VgI</em></strong></span> <span class='ocrx_word' id='word_1_396' title='bbox 1517 4275 1565 4328; x_wconf 88' lang='lat' dir='ltr'><strong><em>in.</em></strong></span> 
     </span>
     <span class='ocr_line' id='line_1_39' title="bbox 240 4357 866 4425; baseline 0.005 -13"><span class='ocrx_word' id='word_1_397' title='bbox 240 4357 320 4412; x_wconf 91' lang='lat' dir='ltr'><strong>Num.</strong></span> <span class='ocrx_word' id='word_1_398' title='bbox 339 4359 418 4413; x_wconf 89' lang='lat' dir='ltr'><strong>Hom.</strong></span> <span class='ocrx_word' id='word_1_399' title='bbox 438 4359 478 4421; x_wconf 89' lang='grc'><strong><em>16,</em></strong></span> <span class='ocrx_word' id='word_1_400' title='bbox 494 4361 519 4412; x_wconf 85' lang='grc'><strong><em>4.</em></strong></span> <span class='ocrx_word' id='word_1_401' title='bbox 539 4388 570 4398; x_wconf 91' lang='lat'>-</span> <span class='ocrx_word' id='word_1_402' title='bbox 589 4359 627 4415; x_wconf 79' lang='lat'><strong><em>86</em></strong></span> <span class='ocrx_word' id='word_1_403' title='bbox 646 4359 658 4411; x_wconf 93' lang='grc' dir='ltr'>Ι</span> <span class='ocrx_word' id='word_1_404' title='bbox 675 4359 747 4414; x_wconf 73' lang='lat' dir='ltr'><strong>Sam.</strong></span> <span class='ocrx_word' id='word_1_405' title='bbox 766 4361 866 4425; x_wconf 73' lang='lat'><em>1611.</em></span> 
     </span>
    </p>
   </div>
   <div class='ocr_carea' id='block_1_5' title="bbox 240 4484 1564 4733">
    <p class='ocr_par' dir='ltr' id='par_1_5' title="bbox 240 4484 1564 4733">
     <span class='ocr_line' id='line_1_40' title="bbox 250 4484 1547 4574; baseline 0 -26"><span class='ocrx_word' id='word_1_406' title='bbox 250 4533 255 4540; x_wconf 74' lang='lat'>-</span> <span class='ocrx_word' id='word_1_407' title='bbox 325 4493 343 4548; x_wconf 84' lang='grc' dir='ltr'><strong><em>δ</em></strong></span> <span class='ocrx_word' id='word_1_408' title='bbox 362 4484 441 4557; x_wconf 81' lang='grc' dir='ltr'><strong><em>ῦλαις</em></strong></span> <span class='ocrx_word' id='word_1_409' title='bbox 459 4491 503 4546; x_wconf 83' lang='lat' dir='ltr'><strong><em>Gh</em></strong></span> <span class='ocrx_word' id='word_1_410' title='bbox 521 4486 597 4549; x_wconf 80' lang='grc' dir='ltr'><strong><em>δλεσι</em></strong></span> <span class='ocrx_word' id='word_1_411' title='bbox 615 4493 632 4548; x_wconf 85' lang='lat' dir='ltr'>S</span> <span class='ocrx_word' id='word_1_412' title='bbox 647 4497 651 4562; x_wconf 92' lang='grc' dir='ltr'>Ι</span> <span class='ocrx_word' id='word_1_413' title='bbox 668 4495 686 4550; x_wconf 82' lang='grc'>8</span> <span class='ocrx_word' id='word_1_414' title='bbox 704 4495 753 4549; x_wconf 85' lang='grc' dir='ltr'><strong><em>καί</em></strong></span> <span class='ocrx_word' id='word_1_415' title='bbox 770 4493 848 4549; x_wconf 82' lang='grc' dir='ltr'><strong><em>ΒΙεεε</em></strong></span> <span class='ocrx_word' id='word_1_416' title='bbox 863 4495 867 4562; x_wconf 84' lang='grc' dir='ltr'>Ι</span> <span class='ocrx_word' id='word_1_417' title='bbox 884 4494 921 4550; x_wconf 76' lang='lat'><strong><em>14</em></strong></span> <span class='ocrx_word' id='word_1_418' title='bbox 940 4491 1070 4574; x_wconf 81' lang='grc' dir='ltr'><strong><em>εἰρῆσθαι</em></strong></span> <span class='ocrx_word' id='word_1_419' title='bbox 1086 4492 1164 4548; x_wconf 78' lang='grc' dir='ltr'><strong><em>Βίεεε</em></strong></span> <span class='ocrx_word' id='word_1_420' title='bbox 1178 4494 1333 4548; x_wconf 78' lang='grc' dir='ltr'><strong><em>Κοείεσῖιεα</em></strong></span> <span class='ocrx_word' id='word_1_421' title='bbox 1348 4495 1352 4561; x_wconf 96' lang='grc' dir='ltr'>Ι</span> <span class='ocrx_word' id='word_1_422' title='bbox 1369 4494 1407 4550; x_wconf 74' lang='lat'><strong><em>26</em></strong></span> <span class='ocrx_word' id='word_1_423' title='bbox 1426 4490 1547 4549; x_wconf 83' lang='grc' dir='ltr'><strong><em>ἀκοῦσαι</em></strong></span> 
     </span>
     <span class='ocr_line' id='line_1_41' title="bbox 240 4574 1564 4648; baseline 0 -16"><span class='ocrx_word' id='word_1_424' title='bbox 240 4577 273 4632; x_wconf 82' lang='lat' dir='ltr'><strong><em>S*</em></strong></span> <span class='ocrx_word' id='word_1_425' title='bbox 301 4575 367 4645; x_wconf 84' lang='lat' dir='ltr'><strong><em>(ng.</em></strong></span> <span class='ocrx_word' id='word_1_426' title='bbox 387 4575 412 4631; x_wconf 85' lang='lat' dir='ltr'><strong><em>S.</em></strong></span> <span class='ocrx_word' id='word_1_427' title='bbox 431 4579 491 4640; x_wconf 86' lang='lat'><em>166,</em></span> <span class='ocrx_word' id='word_1_428' title='bbox 512 4579 554 4646; x_wconf 77' lang='lat'><strong><em>10)</em></strong></span> <span class='ocrx_word' id='word_1_429' title='bbox 581 4574 713 4634; x_wconf 74' lang='grc' dir='ltr'><strong><em>ἀνοίσειν</em></strong></span> <span class='ocrx_word' id='word_1_430' title='bbox 739 4577 819 4632; x_wconf 67' lang='grc' dir='ltr'><strong><em>θωπ·</em></strong></span> <span class='ocrx_word' id='word_1_431' title='bbox 847 4579 852 4638; x_wconf 95' lang='grc' dir='ltr'>Ι</span> <span class='ocrx_word' id='word_1_432' title='bbox 878 4578 1115 4647; x_wconf 77' lang='lat' dir='ltr'>82-S.100‚23</span> <span class='ocrx_word' id='word_1_433' title='bbox 1146 4579 1245 4633; x_wconf 83' lang='lat' dir='ltr'><strong>HIerzu</strong></span> <span class='ocrx_word' id='word_1_434' title='bbox 1272 4578 1379 4648; x_wconf 76' lang='lat' dir='ltr'>Fragm.</span> <span class='ocrx_word' id='word_1_435' title='bbox 1398 4579 1430 4632; x_wconf 76' lang='grc'><strong><em>17</em></strong></span> <span class='ocrx_word' id='word_1_436' title='bbox 1456 4577 1486 4632; x_wconf 92' lang='lat' dir='ltr'><strong><em>in</em></strong></span> <span class='ocrx_word' id='word_1_437' title='bbox 1513 4578 1564 4640; x_wconf 69' lang='grc' dir='ltr'><strong><em>(λεΔ</em></strong></span> 
     </span>
     <span class='ocr_line' id='line_1_42' title="bbox 240 4654 1396 4733; baseline -0.001 -17"><span class='ocrx_word' id='word_1_438' title='bbox 240 4661 430 4726; x_wconf 78' lang='grc' dir='ltr'><strong><em>Πῶς-δοκεῖ</em></strong></span> <span class='ocrx_word' id='word_1_439' title='bbox 447 4663 451 4730; x_wconf 92' lang='grc' dir='ltr'>Ι</span> <span class='ocrx_word' id='word_1_440' title='bbox 471 4661 559 4728; x_wconf 78' lang='lat'><em>8635</em></span> <span class='ocrx_word' id='word_1_441' title='bbox 582 4663 744 4732; x_wconf 82' lang='grc' dir='ltr'><strong><em>πῶς-καί]</em></strong></span> <span class='ocrx_word' id='word_1_442' title='bbox 763 4669 823 4728; x_wconf 83' lang='grc' dir='ltr'><strong><em>πῶς</em></strong></span> <span class='ocrx_word' id='word_1_443' title='bbox 841 4655 891 4718; x_wconf 80' lang='grc' dir='ltr'><strong><em>οῦν</em></strong></span> <span class='ocrx_word' id='word_1_444' title='bbox 908 4665 957 4720; x_wconf 89' lang='grc' dir='ltr'><strong><em>καί</em></strong></span> <span class='ocrx_word' id='word_1_445' title='bbox 975 4654 1029 4719; x_wconf 80' lang='grc' dir='ltr'><strong><em>ὧδε</em></strong></span> <span class='ocrx_word' id='word_1_446' title='bbox 1047 4671 1199 4732; x_wconf 86' lang='grc' dir='ltr'><strong><em>μετανοεῖν</em></strong></span> <span class='ocrx_word' id='word_1_447' title='bbox 1217 4678 1284 4733; x_wconf 69' lang='grc' dir='ltr'><strong><em>φησι</em></strong></span> <span class='ocrx_word' id='word_1_448' title='bbox 1301 4663 1349 4718; x_wconf 87' lang='grc' dir='ltr'><strong><em>καί</em></strong></span> <span class='ocrx_word' id='word_1_449' title='bbox 1368 4662 1396 4716; x_wconf 81' lang='lat' dir='ltr'><strong><em>G.</em></strong></span> 
     </span>
    </p>
   </div>
   <div class='ocr_carea' id='block_1_6' title="bbox 0 0 1852 5542">
    <p class='ocr_par' dir='ltr' id='par_1_6' title="bbox 0 0 1852 5542">
     <span class='ocr_line' id='line_1_43' title="bbox 0 0 1852 5542; baseline 0 2"><span class='ocrx_word' id='word_1_450' title='bbox 0 0 1852 5542; x_wconf 95' lang='lat' dir='ltr'><strong><em> </em></strong></span> 
     </span>
    </p>
   </div>
  </div>
 </body>
</html>
