3694 5542
304 434 362 497 154
744 423 882 494 Origenoe'
900 421 1160 478 Jeremiahomilien.

302 588 449 680 ἀνέθηκε
475 588 541 679 τήν
566 594 694 674 αίτίαν,·
729 583 803 661 ἀλλ’
831 591 902 660 ἐπεὶ
925 581 944 659 ό
966 585 1067 675 λόγος
1090 589 1160 656 ἐστὶ
1181 595 1258 675 περὶ
1280 586 1441 677 ἐμψύχων
1462 597 1604 676 σκευῶν,

301 683 402 762 άτινα
427 685 506 780 παρ’
534 689 636 761 ἑαυτὰ
663 694 849 773 διαπίπτει,
876 685 931 758 διά
952 691 1059 757 τοῦτο
1081 687 1224 774 εἴρηται·
1254 693 1402 760 »διέπεσε
1423 688 1465 760 τὸ
1487 695 1605 772 σκεῦος

300 786 368 862 ἀπὸ
392 796 467 859 τῶν
486 795 611 879 χειρῶν
633 785 767 860 αῦτοῦι.
803 784 947 878 πρόσεχε
968 779 1107 859 οὖνκαὶ
1129 787 1169 860 σύ
1184 795 1308 877 σαυτῷ,
1330 786 1464 879 μήποτε
1479 793 1517 860 ἐν
1530 809 1605 872 ταῖς

299 897 413 981 χερσίν
434 881 486 960 ίδν
507 895 570 961 τοῦ
589 894 761 979 κεραμέως
781 894 837 958 καί
859 889 910 958 ἐτι
929 884 1163 976 πλασσόμενος
1183 885 1276 977 παρὰ
1298 887 1425 960 σαυτόν
1446 892 1605 977 διαπέσης

266 993 337 1066 τεέν
364 994 439 1058 τῶν
463 994 587 1077 χειρῶν
615 984 729 1060 αύτοῦ.
779 982 922 1068 »σύδεὶςι
951 993 1012 1076 μὲν
1038 985 1102 1076 γάρ
1129 981 1270 1077 άρπάζει
1300 991 1354 1058 »ἐκ
1381 994 1457 1059 τῶν
1481 995 1606 1078 χειρῶν

301 1084 423 1160 αύτοῦι
452 1087 540 1160 κατὰ
566 1087 609 1159 τὰ
631 1093 786 1177 εἰρημένα
808 1089 918 1176 ἐντῷ
945 1085 1032 1158 κατὰ
1053 1082 1214 1174 Ἰωάννην
1242 1082 1433 1178 εὐαγγελίῳ.
1476 1085 1518 1161 ού
1538 1089 1606 1179 μήν

300 1193 485 1278 γέγραπται
515 1180 570 1259 ότι
596 1183 644 1269 οδς
674 1183 783 1268 οὐδεὶς
813 1181 966 1275 άρπάζει,
998 1177 1111 1267 ούτως
1136 1181 1244 1268 ούδεὶς
1269 1191 1442 1260 διαπίπτει
1468 1193 1505 1260 ἐκ
1531 1195 1607 1259 τῶν

299 1294 423 1378 χειρῶν
445 1283 564 1359 αύτοῦ·
588 1284 629 1357 τὸ
651 1285 714 1376 γάρ
737 1283 954 1372 αὐτεξούσιον
975 1282 1158 1375 ἐλεύθερόν
1178 1289 1258 1358 ἐστι.
1299 1295 1356 1358 καί
1377 1312 1473 1378 φημι·
1498 1284 1606 1370 ούδεὶς

299 1393 361 1473 μὲν
390 1383 532 1478 ἁρπάσει
562 1390 599 1457 ἐκ
628 1392 690 1475 τῆς
714 1384 825 1474 χειρός
852 1391 915 1457 τοῦ
939 1390 1114 1474 ποιμένος,
1145 1389 1182 1456 ἐκ
1208 1389 1270 1475 τῆς
1294 1384 1405 1475 χειρός
1432 1394 1494 1459 τοῦ
1520 1392 1605 1459 θεοῦ

215 1507 282 1564 298v
300 1482 408 1568 ούδεὶς
434 1484 576 1557 δύναται
601 1481 686 1574 ἡμᾶς
713 1493 839 1570 λαβεῖν·
858 1495 864 1572 1
883 1480 1055 1575 δυνάμεθα
1077 1489 1145 1574 (δέ)
1168 1480 1260 1575 ἡμεῖς
1287 1481 1515 1577 ἀμελήσαντες
1537 1492 1606 1558 δια-

299 1605 414 1657 πεσεῖν
435 1590 473 1657 ἐκ
494 1591 570 1656 τῶν
590 1592 714 1675 χειρῶν
736 1581 849 1657 αύτοῦ.

382 1698 411 1758 4.
436 1692 522 1757 »Καὶ
536 1689 670 1775 ἐγένετο
685 1683 786 1774 λόγος
800 1691 918 1772 κυρίου
931 1678 1018 1772 πρός
1030 1711 1072 1773 με
1086 1689 1211 1772 λέγων·
1235 1687 1263 1754 εί
1276 1687 1397 1768 καθοός
1411 1681 1430 1757 ό
1444 1687 1605 1775 κεραμεύς

300 1778 411 1867 οῦτως
433 1780 474 1857 σύ
495 1781 682 1875 δυνήσομαι
702 1789 766 1857 τοῦ
785 1790 924 1874 ποιήσαι
945 1779 1042 1873 ῦμᾶς,
1065 1785 1159 1865 οίκος
1178 1779 1323 1874 Ἰσραήλ,·
1359 1792 1440 1875 φησὶ
1461 1784 1604 1871 κύριοςι.

299 1885 439 1966 ἕκαστος
467 1884 555 1956 κατὰ
586 1883 728 1974 δύναμιν
755 1899 828 1956 νοεί
861 1882 904 1955 τὰ
931 1889 1154 1973 γεγραμμένα,
1186 1876 1205 1954 ό
1231 1889 1294 1972 μὲν
1319 1881 1605 1973 ἐπιπολαιότερον

249 2007 282 2062 15
300 1985 376 2056 οίον
406 1980 454 2066 αίς
479 1989 515 2072 ἐξ
541 1989 702 2056 ἐπιπέδου
727 1988 837 2073 πηγῆς
863 1979 1047 2072 λαμβάνων
1072 1980 1137 2053 τόν
1164 1989 1248 2054 νοῦν
1274 1977 1332 2054 ἀπ’
1362 1980 1491 2070 αύτῶν,
1523 1979 1543 2056 ό
1570 1990 1605 2055 δὲ

299 2082 493 2175 βαθύτερον
514 2081 562 2166 σάς
582 2079 651 2154 ἀπό
673 2089 821 2174 φρέατος
835 2078 976 2171 ἀνιμῶν.
1011 2089 1067 2153 καὶ
1081 2080 1246 2153 δύνανται
1260 2078 1447 2174 ἀμφότεροι
1463 2081 1604 2172 οόφελεῑ-

300 2195 393 2270 σθαι,
420 2188 493 2255 ἐπεὶ
519 2183 560 2256 τὸ
588 2180 672 2255 αύτὸ
700 2190 752 2274 τῷ
779 2187 839 2272 μέν
864 2185 936 2253 ἐστι
955 2177 1061 2270 πηγή,
1090 2188 1142 2272 τῷ
1165 2186 1200 2253 δέ
1222 2189 1338 2270 φρέαρ.
1380 2203 1543 2274 μαρτυρεῖ
1563 2180 1604 2254 τὸ

299 2281 502 2373 εύαγγέλιον,
524 2279 625 2374 ἡνίκα
647 2287 810 2373 διηγείται
830 2279 873 2353 τὰ
893 2286 970 2370 περὶ
997 2285 1059 2371 τῆς
1079 2286 1321 2371 Σαμαρίτιδος·
1349 2286 1419 2355 ἐκεῖ
1438 2283 1501 2374 γάρ
1524 2278 1603 2354 όνο·

298 2381 437 2474 μάζεται
463 2382 504 2455 τό
531 2379 615 2454 αύτὸ
645 2382 771 2473 »πηγὴε
799 2388 856 2451 καὶ
884 2385 1045 2471 ιφρέαρε,
1071 2388 1129 2452 καί
1155 2375 1220 2452 ἀνά
1241 2387 1341 2470 μέρος
1361 2387 1447 2454 ποτε
1470 2387 1604 2470 λέγεται

248 2500 281 2557 20
299 2482 388 2572 πηγή
410 2489 466 2554 καὶ
487 2489 573 2554 ποτὲ
595 2488 711 2573 φρέαρ.
753 2487 965 2553 κατανοείτω
988 2485 1023 2550 δὲ
1045 2474 1065 2552 δ
1087 2477 1286 2569 δυνάμενος,
1315 2483 1371 2552 ίνα
1391 2486 1462 2571 εἰδῇ
1484 2474 1539 2553 ότι
1561 2479 1602 2552 τό

300 2579 384 2655 αύτό
410 2591 453 2672 τῇ
479 2578 664 2654 ύποστάσει
690 2589 740 2672 τῷ
767 2587 828 2670 μέν
850 2585 1039 2670 ἐπιπολαίῳ
1063 2576 1155 2669 πηγή
1178 2583 1263 2666 ἐστι,
1283 2581 1342 2674 ’τῷ
1364 2586 1400 2654 δὲ
1422 2587 1602 2672 βαθυτέρῳ
1683 2621 1685 2624 ·

300 2689 407 2774 φρέαρ
429 2687 507 2754 ἐστί.
544 2679 727 2772 προοίμιόν
746 2710 805 2770 μοι
830 2679 935 2752 τοῦτό
962 2683 1034 2750 ἐστι
1054 2685 1116 2769 τῆς
1137 2679 1322 2770 μελλούσης
1343 2679 1527 2770 διηγήσεως
1550 2681 1604 2753 διὰ

300 2780 340 2854 τὸ
363 2777 498 2872 ἀγγεῖον
520 2784 561 2854 τὸ
582 2778 730 2872 πήλινον
751 2779 792 2852 τὸ
815 2776 977 2850 διαπεσδν
997 2773 1066 2850 ἀπὸ
1087 2785 1148 2868 τῆς
1161 2778 1271 2867 χειρός
1286 2785 1349 2850 τοῦ
1364 2786 1534 2870 κεραμέως
1548 2787 1605 2851 καὶ

299 2874 399 2966 αὖθις
424 2887 586 2954 πλασθέν.
634 2885 724 2962 τινὲς
749 2880 947 2969 ἐθεώρησαν
974 2884 1083 2950 ταῦτα
1109 2873 1346 2969 άπλούστερον
1372 2886 1428 2949 καί
1451 2879 1603 2970 ἐνόησαν.

246 2999 280 3054 25
297 2977 538 3071 παραθήσομαι
558 2978 636 3070 ῦμῑν
657 2978 722 3050 τόν
742 2982 885 3051 ἐκείνων
906 2976 1088 3066 λόγονκαὶ
1110 2977 1176 3068 τήν
1198 2975 1362 3068 διήγησιν·
1394 2977 1478 3067 μετὰ
1495 2984 1604 3048 ταῦτα

298 3078 359 3152 ἐάν
385 3109 419 3151 τι
445 3083 572 3170 ἐχωμεν
598 3078 790 3167 βαθύτερον
815 3086 872 3149 καὶ
897 3084 1002 3150 τοῦτο
1025 3076 1261 3169 διηγησόμεθα.
1308 3076 1462 3163 δύναται,
1490 3083 1602 3164 φασίν,

298 3183 450 3250 ἐνταῦθα
472 3184 657 3267 δηλοῦσθαι
679 3178 722 3248 τά
743 3184 820 3267 περὶ
841 3183 903 3267 τῆς
925 3172 1151 3261 ἀναστάσεως.
1188 3184 1217 3248 εί
1238 3177 1301 3269 γάρ
1324 3176 1365 3249 τό
1380 3175 1529 3268 πήλινον
1547 3172 1603 3265 ἀγ-

298 3297 390 3367 γεῖον
411 3283 561 3350 διέπεσεν
583 3271 651 3348 ἀπὸ
674 3283 749 3346 τῶν
769 3283 892 3366 χειρῶν
914 3283 977 3348 τοῦ
990 3282 1161 3367 κεραμέως
1174 3284 1231 3348 καί
1245 3273 1313 3348 άπὸ
1329 3284 1390 3367 τῆς
1405 3273 1509 3368 αύιής
1523 3270 1604 3366 ύλης

299 3386 363 3450 τοῦ
392 3384 504 3468 πηλοῦ
533 3383 597 3448 τοῦ
629 3373 734 3447 αύτοῦ
764 3394 858 3448 ποιεῖ
887 3374 989 3448 ιαύτδ
1021 3373 1158 3466 ἀγγεῖον
1188 3379 1305 3465 ἕτερον
1334 3378 1454 3458 καθὼς
1483 3373 1605 3467 ήρεσεν

248 3494 282 3551 30
299 3477 451 3549 ἐνώπιον
477 3473 616 3561 αύτοῦι,
643 3475 784 3548 δύναται
806 3471 826 3548 δ
851 3477 1011 3566 κεραμεύς
1037 3475 1118 3558 θεὸς
1144 3481 1219 3547 τῶν
1246 3473 1418 3565 σωμάτων
1444 3472 1556 3566 ήμῶν,
1585 3469 1605 3546 ό

300 3576 500 3667 δημιουργὸς
522 3581 583 3664 τῆς
604 3581 810 3665 κατασκευῆς
831 3571 944 3665 ήμῶν,
969 3577 1057 3649 ἐπὰν
1078 3581 1217 3664 διαπέση
1240 3583 1344 3648 τοῦτο
1366 3583 1422 3648 καὶ
1443 3581 1604 3664 συντριβῇ

214 3691 282 3746 2991
298 3672 376 3747 καθ’
400 3680 476 3748 οίαν
490 3671 617 3765 δήποτε
633 3681 754 3760 αἰτίαν,
777 3669 960 3759 ἀναλαβεῖν
975 3673 1059 3747 αύτδ
1073 3684 1130 3748 καὶ
1144 3673 1383 3764 ἀῇνακαινῶσαι
1396 3681 1451 3746 καί
1465 3681 1604 3764 ποιήσαι

299 3773 384 3848 αύτό
407 3772 617 3865 ἀραιότερον
639 3780 695 3845 καὶ
716 3780 854 3860 βέλτιον
878 3773 1033 3865 »ἀγγεῖον
1055 3778 1173 3865 ἕτερον
1187 3775 1305 3858 καθὼς
1319 3771 1437 3864 ήρεσεν
1452 3774 1604 3846 ἐνώπιον

300 3871 405 3946 αύτοῦ
426 3881 591 3966 ποιήσαιο.

383 4030 403 4088 5
426 4028 488 4100 vgl.
507 4029 568 4083 Joh.
585 4030 626 4096 10,
643 4030 684 4084 29.
703 4059 736 4068 -
755 4029 831 4085 mr.
849 4029 913 4100 Vgl.
931 4029 1012 4086 Philo
1031 4029 1065 4086 δε
1082 4030 1178 4085 είιτίεε.
1196 4030 1216 4094 Ι,
1234 4031 1293 4084 374.
1312 4030 1362 4084 375
1379 4027 1420 4082 M:
1440 4029 1604 4099 σοφίαν...

299 4111 445 4181 ἀπεικάζει
464 4112 576 4188 φρέατι·
593 4116 700 4186 βαθεῖα
717 4111 773 4186 γάρ
791 4115 839 4168 καί
857 4111 909 4169 οὐκ
920 4110 1086 4180 ἐπιπόλαιος
1097 4118 1156 4170 κτλ.
1175 4144 1208 4152 -
1227 4113 1265 4170 18
1279 4112 1343 4182 vgl.
1356 4113 1417 4169 Joh.
1432 4116 1457 4176 4,
1470 4114 1494 4167 6.
1510 4115 1549 4167 11.
1562 4112 1603 4166 12.

383 4267 401 4322 θ
419 4271 511 4339 σαυτῷ
533 4264 577 4319 Gh
597 4273 702 4321 σαυτοῦ
724 4265 741 4320 θ
761 4265 765 4334 Ι
790 4266 809 4320 4
831 4260 872 4321 ἐτι
890 4265 1098 4334 πλασσόμενος]
1117 4265 1189 4320 nach
1210 4265 1243 4320 (λι
1263 4260 1304 4322 ἔτι
1323 4263 1526 4332 πλαττόμενοις
1545 4259 1602 4317 ἐπι·

299 4349 497 4418 πλασσόμενος
522 4349 539 4402 S
566 4351 570 4416 Ι
597 4347 697 4418 θμεν]
720 4349 815 4419 ήμᾶςλ
838 4351 882 4405 Gh
907 4353 912 4416 Ι
938 4349 978 4405 10
995 4348 1025 4406 δὲ
1042 4349 1080 4406 Co
1104 4351 1108 4419 ί
1133 4351 1173 4407 18
1196 4345 1295 4419 οίίτως]
1324 4341 1406 4414 οὗτος
1431 4349 1476 4402 Ηα
1493 4347 1567 4400 Lxx
1597 4349 1599 4414 1

302 4435 415 4491 14-114
432 4434 532 4489 Ηίεετυ
544 4433 651 4504 θεερια.
664 4436 696 4489 75
708 4433 738 4489 in
756 4433 788 4487 0:
807 4432 1112 4503 Νοηθείη-ίσδπεδος
1126 4437 1131 4503 l
1147 4436 1185 4492 15
1203 4430 1245 4500 ίος
1259 4431 1299 4504 ἐξ]
1320 4429 1389 4490 ίοσεί
1406 4431 1424 4486 S
1443 4428 1553 4501 (οίονεί)
1572 4426 1603 4496 ἐξ

300 4518 418 4588 (111118
436 4521 570 4589 διηγεῖται
588 4518 614 4573 V
631 4521 752 4589 διηγεῖτο
771 4518 1015 4590 θΙΣαμαρίτιδος
1032 4519 1112 4575 Βὶαεε
1130 4518 1365 4592 Σαμαρείτιδοςθ
1384 4521 1388 4586 Ι
1408 4516 1447 4572 22
1465 4517 1525 4586 μοι]
1547 4515 1603 4584 vgl.

299 4604 325 4658 S.
343 4605 400 4670 177,
419 4605 452 4659 25
469 4623 526 4672 μου
544 4603 636 4670 8126
655 4604 740 4674 φησίν
758 4603 792 4657 θ*
811 4605 897 4675 φασίν
915 4602 952 4658 8¹.
