<?xml version="1.0" encoding="UTF-8"?>
<!DOCTYPE html PUBLIC "-//W3C//DTD XHTML 1.0 Transitional//EN"
    "http://www.w3.org/TR/xhtml1/DTD/xhtml1-transitional.dtd">
<html xmlns="http://www.w3.org/1999/xhtml" xml:lang="en" lang="en">
 <head>
  <title>
</title>
<meta http-equiv="Content-Type" content="text/html;charset=utf-8" />
  <meta name='ocr-system' content='tesseract 3.04.00' />
  <meta name='ocr-capabilities' content='ocr_page ocr_carea ocr_par ocr_line ocrx_word'/>
</head>
<body>
  <div class='ocr_page' id='page_1' title='image "./diegriechischen01unkngoog/diegriechischen01unkngoog_0079.png"; bbox 0 0 3702 5540; ppageno 0'>
   <div class='ocr_carea' id='block_1_1' title="bbox 330 461 1190 535">
    <p class='ocr_par' dir='ltr' id='par_1_1' title="bbox 330 461 1190 535">
     <span class='ocr_line' id='line_1_1' title="bbox 330 461 1190 535; baseline -0.003 -15"><span class='ocrx_word' id='word_1_1' title='bbox 330 473 367 535; x_wconf 83' lang='lat'><strong><em>18</em></strong></span> <span class='ocrx_word' id='word_1_2' title='bbox 774 463 913 535; x_wconf 75' lang='lat' dir='ltr'><strong>On&#39;genee&#39;</strong></span> <span class='ocrx_word' id='word_1_3' title='bbox 931 461 1190 523; x_wconf 73' lang='lat' dir='ltr'>seremiahomilien.</span> 
     </span>
    </p>
   </div>
   <div class='ocr_carea' id='block_1_2' title="bbox 238 622 1702 3806">
    <p class='ocr_par' dir='ltr' id='par_1_2' title="bbox 238 622 1702 3806">
     <span class='ocr_line' id='line_1_2' title="bbox 327 622 1636 718; baseline 0 -19"><span class='ocrx_word' id='word_1_4' title='bbox 327 635 452 718; x_wconf 81' lang='grc' dir='ltr'><strong><em>σεαυτῇ</em></strong></span> <span class='ocrx_word' id='word_1_5' title='bbox 472 625 577 714; x_wconf 93' lang='grc' dir='ltr'><strong><em>πόαν,</em></strong></span> <span class='ocrx_word' id='word_1_6' title='bbox 608 635 831 718; x_wconf 84' lang='grc' dir='ltr'><strong><em>κεκηλίδῳσαι</em></strong></span> <span class='ocrx_word' id='word_1_7' title='bbox 853 631 890 698; x_wconf 79' lang='grc' dir='ltr'><strong><em>ἐν</em></strong></span> <span class='ocrx_word' id='word_1_8' title='bbox 912 643 986 709; x_wconf 75' lang='grc' dir='ltr'><strong><em>ταῖς</em></strong></span> <span class='ocrx_word' id='word_1_9' title='bbox 1006 622 1149 708; x_wconf 76' lang='grc' dir='ltr'><em>ἀδικίαις</em></span> <span class='ocrx_word' id='word_1_10' title='bbox 1170 647 1232 698; x_wconf 93' lang='grc' dir='ltr'><strong><em>σου</em></strong></span> <span class='ocrx_word' id='word_1_11' title='bbox 1252 631 1411 698; x_wconf 76' lang='grc' dir='ltr'><strong><em>ἐναντίον</em></strong></span> <span class='ocrx_word' id='word_1_12' title='bbox 1433 631 1527 716; x_wconf 82' lang='grc' dir='ltr'><strong><em>ἐμοῦ,</em></strong></span> <span class='ocrx_word' id='word_1_13' title='bbox 1551 633 1636 717; x_wconf 93' lang='grc' dir='ltr'><strong><em>λέγει</em></strong></span> 
     </span>
     <span class='ocr_line' id='line_1_3' title="bbox 325 717 1636 819; baseline -0.001 -19"><span class='ocrx_word' id='word_1_14' title='bbox 325 726 468 819; x_wconf 78' lang='grc' dir='ltr'><strong><em>κύριοςι.</em></strong></span> <span class='ocrx_word' id='word_1_15' title='bbox 515 717 580 816; x_wconf 84' lang='grc' dir='ltr'><strong><em>ἆρα</em></strong></span> <span class='ocrx_word' id='word_1_16' title='bbox 608 723 697 817; x_wconf 74' lang='grc' dir='ltr'><strong><em>ᾤετό</em></strong></span> <span class='ocrx_word' id='word_1_17' title='bbox 725 755 777 810; x_wconf 89' lang='grc' dir='ltr'><strong><em>τις</em></strong></span> <span class='ocrx_word' id='word_1_18' title='bbox 804 722 1021 816; x_wconf 80' lang='grc' dir='ltr'><strong><em>άμαρτῇσασα</em></strong></span> <span class='ocrx_word' id='word_1_19' title='bbox 1047 725 1137 815; x_wconf 75' lang='grc' dir='ltr'><strong><em>ψυχὴ</em></strong></span> <span class='ocrx_word' id='word_1_20' title='bbox 1165 733 1285 812; x_wconf 91' lang='grc' dir='ltr'><strong><em>νίτρον</em></strong></span> <span class='ocrx_word' id='word_1_21' title='bbox 1296 731 1454 810; x_wconf 81' lang='grc' dir='ltr'><strong><em>’λαβοῦσα</em></strong></span> <span class='ocrx_word' id='word_1_22' title='bbox 1475 732 1530 796; x_wconf 85' lang='grc' dir='ltr'><strong><em>καὶ</em></strong></span> <span class='ocrx_word' id='word_1_23' title='bbox 1553 723 1636 799; x_wconf 86' lang='grc' dir='ltr'><strong><em>άπα-</em></strong></span> 
     </span>
     <span class='ocr_line' id='line_1_4' title="bbox 326 819 1635 918; baseline -0.002 -18"><span class='ocrx_word' id='word_1_24' title='bbox 326 833 520 918; x_wconf 89' lang='grc' dir='ltr'><strong><em>πλοναμένη</em></strong></span> <span class='ocrx_word' id='word_1_25' title='bbox 550 833 656 916; x_wconf 87' lang='grc' dir='ltr'><strong><em>νίτρῳ</em></strong></span> <span class='ocrx_word' id='word_1_26' title='bbox 688 831 857 916; x_wconf 79' lang='grc' dir='ltr'><strong><em>αἰσθητῷ,</em></strong></span> <span class='ocrx_word' id='word_1_27' title='bbox 893 819 949 897; x_wconf 84' lang='grc' dir='ltr'><strong><em>ότι</em></strong></span> <span class='ocrx_word' id='word_1_28' title='bbox 978 823 1122 898; x_wconf 89' lang='grc' dir='ltr'><strong><em>παύεται</em></strong></span> <span class='ocrx_word' id='word_1_29' title='bbox 1152 831 1214 914; x_wconf 84' lang='grc' dir='ltr'><strong><em>τῆς</em></strong></span> <span class='ocrx_word' id='word_1_30' title='bbox 1242 832 1380 916; x_wconf 77' lang='grc' dir='ltr'><strong><em>κηλῖδος</em></strong></span> <span class='ocrx_word' id='word_1_31' title='bbox 1408 832 1465 896; x_wconf 83' lang='grc' dir='ltr'><strong><em>καὶ</em></strong></span> <span class='ocrx_word' id='word_1_32' title='bbox 1493 823 1635 898; x_wconf 87' lang='grc' dir='ltr'><strong><em>παύεται</em></strong></span> 
     </span>
     <span class='ocr_line' id='line_1_5' title="bbox 327 921 1636 1016; baseline -0.002 -18"><span class='ocrx_word' id='word_1_33' title='bbox 327 932 388 1016; x_wconf 84' lang='grc' dir='ltr'><strong><em>τῆς</em></strong></span> <span class='ocrx_word' id='word_1_34' title='bbox 417 922 594 1016; x_wconf 87' lang='grc' dir='ltr'><strong><em>άμαρτίας;</em></strong></span> <span class='ocrx_word' id='word_1_35' title='bbox 623 923 834 1016; x_wconf 83' lang='grc' dir='ltr'><strong><em>ύπελάμβανε</em></strong></span> <span class='ocrx_word' id='word_1_36' title='bbox 865 930 903 997; x_wconf 85' lang='grc' dir='ltr'><strong><em>δέ</em></strong></span> <span class='ocrx_word' id='word_1_37' title='bbox 931 953 983 1008; x_wconf 92' lang='grc' dir='ltr'><strong><em>τις</em></strong></span> <span class='ocrx_word' id='word_1_38' title='bbox 1012 921 1103 997; x_wconf 82' lang='grc' dir='ltr'><strong><em>πόαν</em></strong></span> <span class='ocrx_word' id='word_1_39' title='bbox 1133 923 1262 1014; x_wconf 87' lang='grc' dir='ltr'><strong><em>ταύτην</em></strong></span> <span class='ocrx_word' id='word_1_40' title='bbox 1292 924 1358 1015; x_wconf 84' lang='grc' dir='ltr'><strong><em>τὴν</em></strong></span> <span class='ocrx_word' id='word_1_41' title='bbox 1384 921 1636 998; x_wconf 73' lang='grc' dir='ltr'><strong><em>ἀνατέλλουσαν</em></strong></span> 
     </span>
     <span class='ocr_line' id='line_1_6' title="bbox 292 1021 1635 1116; baseline 0 -20"><span class='ocrx_word' id='word_1_42' title='bbox 292 1041 309 1096; x_wconf 82' lang='lat'><strong>5</strong></span> <span class='ocrx_word' id='word_1_43' title='bbox 327 1023 394 1098; x_wconf 87' lang='grc' dir='ltr'><strong><em>άπὸ</em></strong></span> <span class='ocrx_word' id='word_1_44' title='bbox 417 1032 477 1116; x_wconf 84' lang='grc' dir='ltr'><strong><em>γῆς</em></strong></span> <span class='ocrx_word' id='word_1_45' title='bbox 498 1028 613 1111; x_wconf 83' lang='grc' dir='ltr'><strong><em>λαβών</em></strong></span> <span class='ocrx_word' id='word_1_46' title='bbox 642 1033 698 1097; x_wconf 83' lang='grc' dir='ltr'><strong><em>καὶ</em></strong></span> <span class='ocrx_word' id='word_1_47' title='bbox 730 1021 1014 1114; x_wconf 87' lang='grc' dir='ltr'><strong><em>άποπλυνάμενος</em></strong></span> <span class='ocrx_word' id='word_1_48' title='bbox 1040 1032 1096 1096; x_wconf 83' lang='grc' dir='ltr'><strong><em>καί</em></strong></span> <span class='ocrx_word' id='word_1_49' title='bbox 1118 1021 1396 1114; x_wconf 74' lang='grc' dir='ltr'><strong><em>άποσμηξάμενος</em></strong></span> <span class='ocrx_word' id='word_1_50' title='bbox 1417 1031 1635 1114; x_wconf 82' lang='grc' dir='ltr'><strong><em>καθαρθῆναι</em></strong></span> 
     </span>
     <span class='ocr_line' id='line_1_7' title="bbox 326 1118 1634 1216; baseline -0.001 -19"><span class='ocrx_word' id='word_1_51' title='bbox 326 1126 391 1216; x_wconf 87' lang='grc' dir='ltr'><strong><em>τὴν</em></strong></span> <span class='ocrx_word' id='word_1_52' title='bbox 420 1122 545 1216; x_wconf 79' lang='grc' dir='ltr'><strong><em>ψυχήν,</em></strong></span> <span class='ocrx_word' id='word_1_53' title='bbox 577 1119 633 1198; x_wconf 85' lang='grc' dir='ltr'><strong><em>ότι</em></strong></span> <span class='ocrx_word' id='word_1_54' title='bbox 663 1131 750 1215; x_wconf 88' lang='grc' dir='ltr'><strong><em>λέγει</em></strong></span> <span class='ocrx_word' id='word_1_55' title='bbox 780 1129 931 1197; x_wconf 81' lang='grc' dir='ltr'><strong><em>ἐνταῦθα</em></strong></span> <span class='ocrx_word' id='word_1_56' title='bbox 962 1118 981 1196; x_wconf 90' lang='grc' dir='ltr'><strong><em>ό</em></strong></span> <span class='ocrx_word' id='word_1_57' title='bbox 1012 1122 1114 1213; x_wconf 91' lang='grc' dir='ltr'><strong><em>λόγος</em></strong></span> <span class='ocrx_word' id='word_1_58' title='bbox 1143 1132 1187 1214; x_wconf 88' lang='grc' dir='ltr'><strong><em>τῇ</em></strong></span> <span class='ocrx_word' id='word_1_59' title='bbox 1209 1130 1392 1213; x_wconf 83' lang='grc' dir='ltr'><strong><em>στρσῳείσῇ</em></strong></span> <span class='ocrx_word' id='word_1_60' title='bbox 1422 1130 1468 1209; x_wconf 89' lang='grc' dir='ltr'><strong><em>είς</em></strong></span> <span class='ocrx_word' id='word_1_61' title='bbox 1498 1131 1634 1215; x_wconf 78' lang='grc' dir='ltr'><strong><em>πικρίαν</em></strong></span> 
     </span>
     <span class='ocr_line' id='line_1_8' title="bbox 326 1219 1634 1316; baseline -0.002 -19"><span class='ocrx_word' id='word_1_62' title='bbox 326 1235 381 1297; x_wconf 84' lang='grc' dir='ltr'><strong><em>καὶ</em></strong></span> <span class='ocrx_word' id='word_1_63' title='bbox 408 1231 579 1316; x_wconf 67' lang='grc' dir='ltr'><strong><em>γενομένῃ,</em></strong></span> <span class='ocrx_word' id='word_1_64' title='bbox 600 1221 764 1316; x_wconf 78' lang='grc' dir='ltr'><strong><em>ἀλλοτρίῳ</em></strong></span> <span class='ocrx_word' id='word_1_65' title='bbox 792 1220 945 1314; x_wconf 77' lang='grc' dir='ltr'><em>ἀμπέλῳ·</em></span> <span class='ocrx_word' id='word_1_66' title='bbox 979 1221 1056 1294; x_wconf 75' lang='grc' dir='ltr'><strong><em>»έάν</em></strong></span> <span class='ocrx_word' id='word_1_67' title='bbox 1078 1219 1259 1312; x_wconf 82' lang='grc' dir='ltr'><strong><em>άποπλύνῇ</em></strong></span> <span class='ocrx_word' id='word_1_68' title='bbox 1285 1228 1323 1296; x_wconf 82' lang='grc' dir='ltr'><strong><em>έν</em></strong></span> <span class='ocrx_word' id='word_1_69' title='bbox 1344 1232 1452 1314; x_wconf 90' lang='grc' dir='ltr'><strong><em>νίτρῳ</em></strong></span> <span class='ocrx_word' id='word_1_70' title='bbox 1472 1233 1529 1296; x_wconf 85' lang='grc' dir='ltr'><strong><em>καὶ</em></strong></span> <span class='ocrx_word' id='word_1_71' title='bbox 1550 1234 1634 1314; x_wconf 86' lang='grc' dir='ltr'><strong><em>πλη-</em></strong></span> 
     </span>
     <span class='ocr_line' id='line_1_9' title="bbox 326 1319 1635 1414; baseline -0.002 -16"><span class='ocrx_word' id='word_1_72' title='bbox 326 1324 433 1413; x_wconf 81' lang='grc' dir='ltr'><strong><em>θύνγγς</em></strong></span> <span class='ocrx_word' id='word_1_73' title='bbox 469 1331 591 1414; x_wconf 79' lang='grc' dir='ltr'><strong><em>σεαυτῇ</em></strong></span> <span class='ocrx_word' id='word_1_74' title='bbox 626 1321 729 1410; x_wconf 88' lang='grc' dir='ltr'><strong><em>πόαν,</em></strong></span> <span class='ocrx_word' id='word_1_75' title='bbox 771 1331 993 1414; x_wconf 86' lang='grc' dir='ltr'><strong><em>κεκηλίδῳσαι</em></strong></span> <span class='ocrx_word' id='word_1_76' title='bbox 1028 1328 1065 1395; x_wconf 85' lang='grc' dir='ltr'><strong><em>έν</em></strong></span> <span class='ocrx_word' id='word_1_77' title='bbox 1103 1341 1175 1406; x_wconf 76' lang='grc' dir='ltr'><strong><em>ταῖς</em></strong></span> <span class='ocrx_word' id='word_1_78' title='bbox 1210 1319 1351 1408; x_wconf 73' lang='grc' dir='ltr'><strong><em>ἀδικίαις</em></strong></span> <span class='ocrx_word' id='word_1_79' title='bbox 1382 1345 1444 1395; x_wconf 92' lang='grc' dir='ltr'><strong><em>σου</em></strong></span> <span class='ocrx_word' id='word_1_80' title='bbox 1474 1328 1635 1396; x_wconf 75' lang='grc' dir='ltr'><strong><em>ἐναντίον</em></strong></span> 
     </span>
     <span class='ocr_line' id='line_1_10' title="bbox 327 1415 1634 1515; baseline -0.002 -19"><span class='ocrx_word' id='word_1_81' title='bbox 327 1430 416 1515; x_wconf 86' lang='grc' dir='ltr'><strong><em>έμοῦ,</em></strong></span> <span class='ocrx_word' id='word_1_82' title='bbox 437 1431 524 1513; x_wconf 82' lang='grc' dir='ltr'><em>λέγει</em></span> <span class='ocrx_word' id='word_1_83' title='bbox 544 1423 694 1514; x_wconf 79' lang='grc' dir='ltr'><strong><em>κύριος«,·</em></strong></span> <span class='ocrx_word' id='word_1_84' title='bbox 715 1420 801 1496; x_wconf 85' lang='grc' dir='ltr'><strong><em>άλλά</em></strong></span> <span class='ocrx_word' id='word_1_85' title='bbox 821 1421 885 1514; x_wconf 83' lang='grc' dir='ltr'><strong><em>χρὴ</em></strong></span> <span class='ocrx_word' id='word_1_86' title='bbox 900 1427 1032 1507; x_wconf 79' lang='grc' dir='ltr'><strong><em>εἰδέναι,</em></strong></span> <span class='ocrx_word' id='word_1_87' title='bbox 1055 1415 1110 1494; x_wconf 82' lang='grc' dir='ltr'><strong><em>δτι</em></strong></span> <span class='ocrx_word' id='word_1_88' title='bbox 1124 1417 1144 1493; x_wconf 85' lang='grc' dir='ltr'><strong><em>δ</em></strong></span> <span class='ocrx_word' id='word_1_89' title='bbox 1160 1418 1261 1509; x_wconf 89' lang='grc' dir='ltr'><strong><em>λόγος</em></strong></span> <span class='ocrx_word' id='word_1_90' title='bbox 1275 1428 1387 1514; x_wconf 76' lang='grc' dir='ltr'><strong><em>πάσαν</em></strong></span> <span class='ocrx_word' id='word_1_91' title='bbox 1402 1421 1543 1512; x_wconf 90' lang='grc' dir='ltr'><strong><em>δύναμιν</em></strong></span> <span class='ocrx_word' id='word_1_92' title='bbox 1558 1425 1634 1512; x_wconf 77' lang='grc' dir='ltr'><strong><em>ἔχει·</em></strong></span> 
     </span>
     <span class='ocr_line' id='line_1_11' title="bbox 276 1515 1634 1614; baseline 0.001 -22"><span class='ocrx_word' id='word_1_93' title='bbox 276 1539 309 1594; x_wconf 90' lang='lat'><strong><em>10</em></strong></span> <span class='ocrx_word' id='word_1_94' title='bbox 326 1530 382 1595; x_wconf 86' lang='grc' dir='ltr'><strong><em>καὶ</em></strong></span> <span class='ocrx_word' id='word_1_95' title='bbox 409 1521 523 1613; x_wconf 75' lang='grc' dir='ltr'><strong><em>ὥσπερ</em></strong></span> <span class='ocrx_word' id='word_1_96' title='bbox 548 1520 658 1612; x_wconf 86' lang='grc' dir='ltr'><strong><em>πάσης</em></strong></span> <span class='ocrx_word' id='word_1_97' title='bbox 684 1529 816 1614; x_wconf 82' lang='grc' dir='ltr'><strong><em>γραφῆς</em></strong></span> <span class='ocrx_word' id='word_1_98' title='bbox 842 1520 984 1610; x_wconf 88' lang='grc' dir='ltr'><strong><em>δύναμιν</em></strong></span> <span class='ocrx_word' id='word_1_99' title='bbox 1011 1525 1088 1611; x_wconf 76' lang='grc' dir='ltr'><strong><em>ἔχει,</em></strong></span> <span class='ocrx_word' id='word_1_100' title='bbox 1120 1515 1233 1606; x_wconf 76' lang='grc' dir='ltr'><strong><em>οὕτως</em></strong></span> <span class='ocrx_word' id='word_1_101' title='bbox 1254 1517 1273 1594; x_wconf 86' lang='grc' dir='ltr'><strong><em>δ</em></strong></span> <span class='ocrx_word' id='word_1_102' title='bbox 1296 1518 1396 1610; x_wconf 85' lang='grc' dir='ltr'><strong><em>λόγος</em></strong></span> <span class='ocrx_word' id='word_1_103' title='bbox 1419 1523 1483 1610; x_wconf 75' lang='grc' dir='ltr'><strong><em>ἔχει</em></strong></span> <span class='ocrx_word' id='word_1_104' title='bbox 1505 1520 1634 1604; x_wconf 87' lang='grc' dir='ltr'><strong><em>παντὸς</em></strong></span> 
     </span>
     <span class='ocr_line' id='line_1_12' title="bbox 266 1618 1633 1713; baseline -0.004 -15"><span class='ocrx_word' id='word_1_105' title='bbox 266 1620 507 1713; x_wconf 36' lang='grc' dir='ltr'><strong><em>κῳαρμάκου</em></strong></span> <span class='ocrx_word' id='word_1_106' title='bbox 532 1621 674 1711; x_wconf 87' lang='grc' dir='ltr'><strong><em>δύναμιν</em></strong></span> <span class='ocrx_word' id='word_1_107' title='bbox 698 1629 755 1695; x_wconf 90' lang='grc' dir='ltr'><strong><em>καὶ</em></strong></span> <span class='ocrx_word' id='word_1_108' title='bbox 780 1620 913 1707; x_wconf 81' lang='grc' dir='ltr'><strong><em>παντὸς</em></strong></span> <span class='ocrx_word' id='word_1_109' title='bbox 939 1627 1002 1694; x_wconf 90' lang='grc' dir='ltr'><strong><em>τοῦ</em></strong></span> <span class='ocrx_word' id='word_1_110' title='bbox 1031 1630 1280 1710; x_wconf 75' lang='grc' dir='ltr'><strong><em>καθαρίζοντος</em></strong></span> <span class='ocrx_word' id='word_1_111' title='bbox 1311 1618 1449 1712; x_wconf 88' lang='grc' dir='ltr'><strong><em>δύναμίς</em></strong></span> <span class='ocrx_word' id='word_1_112' title='bbox 1478 1625 1550 1694; x_wconf 80' lang='grc' dir='ltr'><strong><em>ἐστι</em></strong></span> <span class='ocrx_word' id='word_1_113' title='bbox 1579 1627 1633 1692; x_wconf 85' lang='grc' dir='ltr'><strong><em>καὶ</em></strong></span> 
     </span>
     <span class='ocr_line' id='line_1_13' title="bbox 327 1717 1631 1812; baseline -0.001 -18"><span class='ocrx_word' id='word_1_114' title='bbox 327 1723 619 1812; x_wconf 82' lang='grc' dir='ltr'><strong><em>σμηκτικώτατος·</em></strong></span> <span class='ocrx_word' id='word_1_115' title='bbox 652 1731 742 1810; x_wconf 77' lang='grc' dir='ltr'><strong><em>»ζῶν</em></strong></span> <span class='ocrx_word' id='word_1_116' title='bbox 768 1721 831 1812; x_wconf 85' lang='grc' dir='ltr'><strong><em>γάρ</em></strong></span> <span class='ocrx_word' id='word_1_117' title='bbox 858 1717 877 1793; x_wconf 87' lang='grc' dir='ltr'><strong><em>δ</em></strong></span> <span class='ocrx_word' id='word_1_118' title='bbox 898 1719 1000 1811; x_wconf 86' lang='grc' dir='ltr'><strong><em>λόγος</em></strong></span> <span class='ocrx_word' id='word_1_119' title='bbox 1021 1727 1086 1793; x_wconf 91' lang='grc' dir='ltr'><strong><em>τοῦ</em></strong></span> <span class='ocrx_word' id='word_1_120' title='bbox 1106 1727 1193 1794; x_wconf 92' lang='grc' dir='ltr'><strong><em>θεοῦ</em></strong></span> <span class='ocrx_word' id='word_1_121' title='bbox 1212 1730 1269 1793; x_wconf 82' lang='grc' dir='ltr'><strong><em>καί</em></strong></span> <span class='ocrx_word' id='word_1_122' title='bbox 1290 1719 1427 1812; x_wconf 76' lang='grc' dir='ltr'><strong><em>ἐνεργὴς</em></strong></span> <span class='ocrx_word' id='word_1_123' title='bbox 1447 1728 1503 1793; x_wconf 82' lang='grc' dir='ltr'><strong><em>καὶ</em></strong></span> <span class='ocrx_word' id='word_1_124' title='bbox 1525 1721 1631 1810; x_wconf 76' lang='grc' dir='ltr'><strong><em>τομεύ-</em></strong></span> 
     </span>
     <span class='ocr_line' id='line_1_14' title="bbox 326 1813 1633 1912; baseline -0.002 -18"><span class='ocrx_word' id='word_1_125' title='bbox 326 1849 425 1910; x_wconf 88' lang='grc' dir='ltr'><strong><em>τερος</em></strong></span> <span class='ocrx_word' id='word_1_126' title='bbox 453 1818 538 1912; x_wconf 78' lang='grc' dir='ltr'><strong><em>ύπὲρ</em></strong></span> <span class='ocrx_word' id='word_1_127' title='bbox 568 1828 682 1895; x_wconf 86' lang='grc' dir='ltr'><strong><em>πᾶσαν</em></strong></span> <span class='ocrx_word' id='word_1_128' title='bbox 711 1819 876 1912; x_wconf 84' lang='grc' dir='ltr'><strong><em>μάχαιραν</em></strong></span> <span class='ocrx_word' id='word_1_129' title='bbox 904 1829 1093 1912; x_wconf 78' lang='grc' dir='ltr'><strong><em>δίστομονι.</em></strong></span> <span class='ocrx_word' id='word_1_130' title='bbox 1141 1829 1198 1893; x_wconf 82' lang='grc' dir='ltr'><strong><em>καί</em></strong></span> <span class='ocrx_word' id='word_1_131' title='bbox 1224 1815 1243 1891; x_wconf 79' lang='grc' dir='ltr'><strong><em>δ</em></strong></span> <span class='ocrx_word' id='word_1_132' title='bbox 1270 1821 1329 1894; x_wconf 86' lang='grc' dir='ltr'><strong><em>έάν</em></strong></span> <span class='ocrx_word' id='word_1_133' title='bbox 1356 1825 1464 1909; x_wconf 78' lang='grc' dir='ltr'><strong><em>εἴπῃς,</em></strong></span> <span class='ocrx_word' id='word_1_134' title='bbox 1496 1813 1537 1893; x_wconf 81' lang='grc' dir='ltr'><strong><em>οὗ</em></strong></span> <span class='ocrx_word' id='word_1_135' title='bbox 1563 1826 1633 1892; x_wconf 84' lang='grc' dir='ltr'><strong><em>ἐστι</em></strong></span> 
     </span>
     <span class='ocr_line' id='line_1_15' title="bbox 325 1913 1633 2014; baseline -0.003 -18"><span class='ocrx_word' id='word_1_136' title='bbox 325 1929 432 2014; x_wconf 87' lang='grc' dir='ltr'><strong><em>χρεία,</em></strong></span> <span class='ocrx_word' id='word_1_137' title='bbox 462 1918 567 1996; x_wconf 86' lang='grc' dir='ltr'><strong><em>τοῦτό</em></strong></span> <span class='ocrx_word' id='word_1_138' title='bbox 594 1928 686 1996; x_wconf 78' lang='grc' dir='ltr'><strong><em>ἐστιν</em></strong></span> <span class='ocrx_word' id='word_1_139' title='bbox 712 1927 749 1995; x_wconf 79' lang='grc' dir='ltr'><strong><em>ἐν</em></strong></span> <span class='ocrx_word' id='word_1_140' title='bbox 775 1930 817 2012; x_wconf 88' lang='grc' dir='ltr'><strong><em>τῇ</em></strong></span> <span class='ocrx_word' id='word_1_141' title='bbox 845 1918 982 2011; x_wconf 88' lang='grc' dir='ltr'><strong><em>δυνάμει</em></strong></span> <span class='ocrx_word' id='word_1_142' title='bbox 1010 1927 1073 1994; x_wconf 90' lang='grc' dir='ltr'><strong><em>τοῦ</em></strong></span> <span class='ocrx_word' id='word_1_143' title='bbox 1099 1918 1210 2010; x_wconf 88' lang='grc' dir='ltr'><strong><em>λόγου.</em></strong></span> <span class='ocrx_word' id='word_1_144' title='bbox 1246 1923 1339 1994; x_wconf 76' lang='grc' dir='ltr'><strong><em>ἔστιν</em></strong></span> <span class='ocrx_word' id='word_1_145' title='bbox 1365 1913 1427 1993; x_wconf 89' lang='grc' dir='ltr'><strong><em>οῦν</em></strong></span> <span class='ocrx_word' id='word_1_146' title='bbox 1454 1949 1507 2004; x_wconf 91' lang='grc' dir='ltr'><strong><em>τις</em></strong></span> <span class='ocrx_word' id='word_1_147' title='bbox 1533 1915 1633 2010; x_wconf 90' lang='grc' dir='ltr'><strong><em>λόγος</em></strong></span> 
     </span>
     <span class='ocr_line' id='line_1_16' title="bbox 276 2014 1633 2112; baseline 0.001 -22"><span class='ocrx_word' id='word_1_148' title='bbox 276 2040 307 2092; x_wconf 84' lang='grc'><strong><em>15</em></strong></span> <span class='ocrx_word' id='word_1_149' title='bbox 326 2031 445 2112; x_wconf 91' lang='grc' dir='ltr'><strong><em>νίτρον</em></strong></span> <span class='ocrx_word' id='word_1_150' title='bbox 465 2030 522 2096; x_wconf 83' lang='grc' dir='ltr'><strong><em>καὶ</em></strong></span> <span class='ocrx_word' id='word_1_151' title='bbox 544 2025 615 2096; x_wconf 74' lang='grc' dir='ltr'><strong><em>ἔστι</em></strong></span> <span class='ocrx_word' id='word_1_152' title='bbox 636 2053 689 2106; x_wconf 90' lang='grc' dir='ltr'><strong><em>τις</em></strong></span> <span class='ocrx_word' id='word_1_153' title='bbox 709 2018 811 2112; x_wconf 89' lang='grc' dir='ltr'><strong><em>λόγος</em></strong></span> <span class='ocrx_word' id='word_1_154' title='bbox 832 2018 911 2108; x_wconf 86' lang='grc' dir='ltr'><strong><em>πόα,</em></strong></span> <span class='ocrx_word' id='word_1_155' title='bbox 935 2014 1029 2106; x_wconf 86' lang='grc' dir='ltr'><strong><em>όστις</em></strong></span> <span class='ocrx_word' id='word_1_156' title='bbox 1043 2021 1126 2106; x_wconf 85' lang='grc' dir='ltr'><strong><em>τούς</em></strong></span> <span class='ocrx_word' id='word_1_157' title='bbox 1140 2018 1321 2104; x_wconf 80' lang='grc' dir='ltr'><strong><em>τοιούτους</em></strong></span> <span class='ocrx_word' id='word_1_158' title='bbox 1336 2019 1463 2110; x_wconf 87' lang='grc' dir='ltr'><strong><em>ῥύπους</em></strong></span> <span class='ocrx_word' id='word_1_159' title='bbox 1477 2029 1633 2108; x_wconf 86' lang='grc' dir='ltr'><strong><em>καθαίρει</em></strong></span> 
     </span>
     <span class='ocr_line' id='line_1_17' title="bbox 328 2114 1632 2213; baseline -0.002 -21"><span class='ocrx_word' id='word_1_160' title='bbox 328 2130 495 2213; x_wconf 89' lang='grc' dir='ltr'><strong><em>λαληθείς.</em></strong></span> <span class='ocrx_word' id='word_1_161' title='bbox 531 2127 602 2195; x_wconf 78' lang='grc' dir='ltr'><strong><em>ἐπεὶ</em></strong></span> <span class='ocrx_word' id='word_1_162' title='bbox 625 2129 661 2195; x_wconf 77' lang='grc' dir='ltr'><strong><em>δὲ</em></strong></span> <span class='ocrx_word' id='word_1_163' title='bbox 682 2119 750 2194; x_wconf 87' lang='grc' dir='ltr'><strong><em>άπὸ</em></strong></span> <span class='ocrx_word' id='word_1_164' title='bbox 773 2128 837 2195; x_wconf 90' lang='grc' dir='ltr'><strong><em>τοῦ</em></strong></span> <span class='ocrx_word' id='word_1_165' title='bbox 859 2119 1021 2194; x_wconf 87' lang='grc' dir='ltr'><strong><em>τοιούτου</em></strong></span> <span class='ocrx_word' id='word_1_166' title='bbox 1042 2117 1145 2209; x_wconf 89' lang='grc' dir='ltr'><strong><em>λόγου</em></strong></span> <span class='ocrx_word' id='word_1_167' title='bbox 1168 2114 1261 2204; x_wconf 78' lang='grc' dir='ltr'><strong><em>ὅστις</em></strong></span> <span class='ocrx_word' id='word_1_168' title='bbox 1275 2124 1346 2192; x_wconf 76' lang='grc' dir='ltr'><strong><em>ἐστὶ</em></strong></span> <span class='ocrx_word' id='word_1_169' title='bbox 1361 2128 1479 2209; x_wconf 92' lang='grc' dir='ltr'><strong><em>νίτρον</em></strong></span> <span class='ocrx_word' id='word_1_170' title='bbox 1492 2127 1550 2190; x_wconf 83' lang='grc' dir='ltr'><strong><em>καί</em></strong></span> <span class='ocrx_word' id='word_1_171' title='bbox 1563 2116 1632 2192; x_wconf 86' lang='grc' dir='ltr'><strong><em>άπὸ</em></strong></span> 
     </span>
     <span class='ocr_line' id='line_1_18' title="bbox 326 2215 1636 2311; baseline -0.003 -17"><span class='ocrx_word' id='word_1_172' title='bbox 326 2229 389 2294; x_wconf 90' lang='grc' dir='ltr'><strong><em>τοῦ</em></strong></span> <span class='ocrx_word' id='word_1_173' title='bbox 415 2221 578 2296; x_wconf 90' lang='grc' dir='ltr'><strong><em>τοιούτου</em></strong></span> <span class='ocrx_word' id='word_1_174' title='bbox 603 2227 640 2293; x_wconf 75' lang='grc' dir='ltr'><strong><em>δὲ</em></strong></span> <span class='ocrx_word' id='word_1_175' title='bbox 669 2216 774 2311; x_wconf 88' lang='grc' dir='ltr'><strong><em>λόγου</em></strong></span> <span class='ocrx_word' id='word_1_176' title='bbox 800 2215 837 2304; x_wconf 83' lang='grc' dir='ltr'><strong><em>ῦς</em></strong></span> <span class='ocrx_word' id='word_1_177' title='bbox 863 2227 935 2294; x_wconf 78' lang='grc' dir='ltr'><strong><em>ἐστι</em></strong></span> <span class='ocrx_word' id='word_1_178' title='bbox 960 2219 1030 2294; x_wconf 89' lang='grc' dir='ltr'><strong><em>πόα</em></strong></span> <span class='ocrx_word' id='word_1_179' title='bbox 1057 2218 1098 2294; x_wconf 89' lang='grc' dir='ltr'><strong><em>ού</em></strong></span> <span class='ocrx_word' id='word_1_180' title='bbox 1117 2229 1209 2296; x_wconf 83' lang='grc' dir='ltr'><strong><em>πᾶσα</em></strong></span> <span class='ocrx_word' id='word_1_181' title='bbox 1231 2217 1377 2311; x_wconf 89' lang='grc' dir='ltr'><strong><em>άμαρτία</em></strong></span> <span class='ocrx_word' id='word_1_182' title='bbox 1398 2217 1636 2311; x_wconf 85' lang='grc' dir='ltr'><strong><em>θεραπεύεται,Ι</em></strong></span> 
     </span>
     <span class='ocr_line' id='line_1_19' title="bbox 327 2315 1631 2412; baseline -0.004 -17"><span class='ocrx_word' id='word_1_183' title='bbox 327 2318 405 2396; x_wconf 75' lang='grc' dir='ltr'><strong><em>ἀλλ’</em></strong></span> <span class='ocrx_word' id='word_1_184' title='bbox 427 2325 520 2393; x_wconf 83' lang='grc' dir='ltr'><strong><em>ἔστιν</em></strong></span> <span class='ocrx_word' id='word_1_185' title='bbox 544 2317 767 2411; x_wconf 84' lang='grc' dir='ltr'><strong><em>άμαρτῇματα</em></strong></span> <span class='ocrx_word' id='word_1_186' title='bbox 793 2323 834 2393; x_wconf 90' lang='grc' dir='ltr'><strong><em>οῦ</em></strong></span> <span class='ocrx_word' id='word_1_187' title='bbox 856 2319 1000 2410; x_wconf 88' lang='grc' dir='ltr'><strong><em>δεόμενα</em></strong></span> <span class='ocrx_word' id='word_1_188' title='bbox 1021 2327 1140 2412; x_wconf 92' lang='grc' dir='ltr'><strong><em>νίτρου</em></strong></span> <span class='ocrx_word' id='word_1_189' title='bbox 1161 2317 1240 2393; x_wconf 75' lang='grc' dir='ltr'><strong><em>ούδέ</em></strong></span> <span class='ocrx_word' id='word_1_190' title='bbox 1261 2315 1362 2404; x_wconf 88' lang='grc' dir='ltr'><strong><em>πόας,</em></strong></span> <span class='ocrx_word' id='word_1_191' title='bbox 1393 2323 1525 2408; x_wconf 86' lang='grc' dir='ltr'><strong><em>λέγεται</em></strong></span> <span class='ocrx_word' id='word_1_192' title='bbox 1546 2316 1631 2408; x_wconf 85' lang='grc' dir='ltr'><strong><em>πρὸς</em></strong></span> 
     </span>
     <span class='ocr_line' id='line_1_20' title="bbox 326 2416 1630 2514; baseline -0.003 -20"><span class='ocrx_word' id='word_1_193' title='bbox 326 2423 391 2514; x_wconf 86' lang='grc' dir='ltr'><strong><em>τὴν</em></strong></span> <span class='ocrx_word' id='word_1_194' title='bbox 413 2425 571 2512; x_wconf 87' lang='grc' dir='ltr'><strong><em>οίομένην</em></strong></span> <span class='ocrx_word' id='word_1_195' title='bbox 593 2417 814 2510; x_wconf 76' lang='grc' dir='ltr'><strong><em>ἁμαρτήματα</em></strong></span> <span class='ocrx_word' id='word_1_196' title='bbox 836 2424 922 2510; x_wconf 81' lang='grc' dir='ltr'><strong><em>ἔχειν</em></strong></span> <span class='ocrx_word' id='word_1_197' title='bbox 944 2417 993 2504; x_wconf 70' lang='grc' dir='ltr'><strong><em>οῦς</em></strong></span> <span class='ocrx_word' id='word_1_198' title='bbox 1014 2418 1183 2512; x_wconf 89' lang='grc' dir='ltr'><strong><em>δυνάμενα</em></strong></span> <span class='ocrx_word' id='word_1_199' title='bbox 1203 2416 1447 2509; x_wconf 83' lang='grc' dir='ltr'><strong><em>άποπλυθῇναι</em></strong></span> <span class='ocrx_word' id='word_1_200' title='bbox 1470 2423 1507 2490; x_wconf 81' lang='grc' dir='ltr'><strong><em>ἐν</em></strong></span> <span class='ocrx_word' id='word_1_201' title='bbox 1526 2423 1630 2507; x_wconf 86' lang='grc' dir='ltr'><strong><em>νίτρῳ</em></strong></span> 
     </span>
     <span class='ocr_line' id='line_1_21' title="bbox 275 2513 1631 2615; baseline -0.007 -18"><span class='ocrx_word' id='word_1_202' title='bbox 275 2542 309 2599; x_wconf 79' lang='grc'><strong><em>20</em></strong></span> <span class='ocrx_word' id='word_1_203' title='bbox 325 2530 381 2596; x_wconf 83' lang='grc' dir='ltr'><strong><em>καὶ</em></strong></span> <span class='ocrx_word' id='word_1_204' title='bbox 402 2519 481 2615; x_wconf 81' lang='grc' dir='ltr'><strong><em>πόᾳ,</em></strong></span> <span class='ocrx_word' id='word_1_205' title='bbox 504 2519 545 2594; x_wconf 86' lang='grc' dir='ltr'><strong><em>τὸ</em></strong></span> <span class='ocrx_word' id='word_1_206' title='bbox 570 2520 648 2593; x_wconf 77' lang='grc' dir='ltr'><strong><em>»ἐὰν</em></strong></span> <span class='ocrx_word' id='word_1_207' title='bbox 670 2515 852 2608; x_wconf 77' lang='grc' dir='ltr'><strong><em>άποπλύνγγ</em></strong></span> <span class='ocrx_word' id='word_1_208' title='bbox 874 2525 911 2592; x_wconf 85' lang='grc' dir='ltr'><strong><em>ίν</em></strong></span> <span class='ocrx_word' id='word_1_209' title='bbox 932 2530 1040 2611; x_wconf 91' lang='grc' dir='ltr'><strong><em>νίτρῳ</em></strong></span> <span class='ocrx_word' id='word_1_210' title='bbox 1057 2527 1112 2594; x_wconf 85' lang='grc' dir='ltr'><strong><em>καὶ</em></strong></span> <span class='ocrx_word' id='word_1_211' title='bbox 1126 2517 1307 2609; x_wconf 81' lang='grc' dir='ltr'><strong><em>πληθύνῇς</em></strong></span> <span class='ocrx_word' id='word_1_212' title='bbox 1322 2525 1445 2607; x_wconf 80' lang='grc' dir='ltr'><strong><em>σεαυτῇ</em></strong></span> <span class='ocrx_word' id='word_1_213' title='bbox 1459 2513 1558 2602; x_wconf 84' lang='grc' dir='ltr'><strong><em>πόαν,</em></strong></span> <span class='ocrx_word' id='word_1_214' title='bbox 1580 2547 1631 2589; x_wconf 89' lang='grc' dir='ltr'><strong><em>κε-</em></strong></span> 
     </span>
     <span class='ocr_line' id='line_1_22' title="bbox 325 2616 1630 2712; baseline -0.006 -18"><span class='ocrx_word' id='word_1_215' title='bbox 325 2629 510 2712; x_wconf 86' lang='grc' dir='ltr'><strong><em>κηλίδῳσαι</em></strong></span> <span class='ocrx_word' id='word_1_216' title='bbox 537 2626 696 2693; x_wconf 79' lang='grc' dir='ltr'><strong><em>ἐναντίον</em></strong></span> <span class='ocrx_word' id='word_1_217' title='bbox 726 2624 807 2709; x_wconf 81' lang='grc' dir='ltr'><strong><em>ἐμοῦ</em></strong></span> <span class='ocrx_word' id='word_1_218' title='bbox 838 2625 875 2692; x_wconf 82' lang='grc' dir='ltr'><strong><em>έν</em></strong></span> <span class='ocrx_word' id='word_1_219' title='bbox 904 2637 978 2704; x_wconf 76' lang='grc' dir='ltr'><strong><em>ταῖς</em></strong></span> <span class='ocrx_word' id='word_1_220' title='bbox 1003 2617 1147 2702; x_wconf 83' lang='grc' dir='ltr'><strong><em>άδικίαις</em></strong></span> <span class='ocrx_word' id='word_1_221' title='bbox 1172 2643 1246 2704; x_wconf 89' lang='grc' dir='ltr'><strong><em>σου,</em></strong></span> <span class='ocrx_word' id='word_1_222' title='bbox 1277 2623 1365 2708; x_wconf 86' lang='grc' dir='ltr'><strong><em>λέγει</em></strong></span> <span class='ocrx_word' id='word_1_223' title='bbox 1390 2616 1533 2706; x_wconf 74' lang='grc' dir='ltr'><strong><em>κύριοςι.</em></strong></span> <span class='ocrx_word' id='word_1_224' title='bbox 1576 2625 1630 2687; x_wconf 81' lang='grc' dir='ltr'><strong><em>καί</em></strong></span> 
     </span>
     <span class='ocr_line' id='line_1_23' title="bbox 326 2716 1630 2810; baseline -0.006 -16"><span class='ocrx_word' id='word_1_225' title='bbox 326 2721 442 2809; x_wconf 79' lang='grc' dir='ltr'><strong><em>ὥσπερ</em></strong></span> <span class='ocrx_word' id='word_1_226' title='bbox 470 2728 546 2794; x_wconf 80' lang='grc' dir='ltr'><strong><em>τῶν</em></strong></span> <span class='ocrx_word' id='word_1_227' title='bbox 575 2717 782 2810; x_wconf 84' lang='grc' dir='ltr'><strong><em>τραυμάτων</em></strong></span> <span class='ocrx_word' id='word_1_228' title='bbox 812 2716 891 2791; x_wconf 90' lang='grc' dir='ltr'><strong><em>τινά</em></strong></span> <span class='ocrx_word' id='word_1_229' title='bbox 923 2723 1015 2792; x_wconf 79' lang='grc' dir='ltr'><strong><em>ἐστιν</em></strong></span> <span class='ocrx_word' id='word_1_230' title='bbox 1041 2717 1062 2791; x_wconf 77' lang='grc' dir='ltr'><em>ἃ</em></span> <span class='ocrx_word' id='word_1_231' title='bbox 1088 2716 1277 2808; x_wconf 86' lang='grc' dir='ltr'><strong><em>μαλάγματι</em></strong></span> <span class='ocrx_word' id='word_1_232' title='bbox 1309 2716 1544 2808; x_wconf 73' lang='grc' dir='ltr'><strong><em>θεραπεύεται,</em></strong></span> <span class='ocrx_word' id='word_1_233' title='bbox 1577 2726 1630 2788; x_wconf 85' lang='grc' dir='ltr'><strong><em>καὶ</em></strong></span> 
     </span>
     <span class='ocr_line' id='line_1_24' title="bbox 325 2809 1632 2914; baseline -0.005 -22"><span class='ocrx_word' id='word_1_234' title='bbox 325 2821 412 2893; x_wconf 78' lang='grc' dir='ltr'><strong><em>ἄλλα</em></strong></span> <span class='ocrx_word' id='word_1_235' title='bbox 447 2825 548 2911; x_wconf 84' lang='grc' dir='ltr'><strong><em>ίλαίῳ</em></strong></span> <span class='ocrx_word' id='word_1_236' title='bbox 583 2818 821 2908; x_wconf 88' lang='grc' dir='ltr'><strong><em>θεραπεύεται,</em></strong></span> <span class='ocrx_word' id='word_1_237' title='bbox 857 2827 914 2891; x_wconf 86' lang='grc' dir='ltr'><strong><em>καὶ</em></strong></span> <span class='ocrx_word' id='word_1_238' title='bbox 944 2818 1031 2914; x_wconf 84' lang='grc' dir='ltr'><strong><em>ἄλλα</em></strong></span> <span class='ocrx_word' id='word_1_239' title='bbox 1063 2827 1168 2892; x_wconf 79' lang='grc' dir='ltr'><strong><em>δεῖται</em></strong></span> <span class='ocrx_word' id='word_1_240' title='bbox 1197 2824 1407 2905; x_wconf 89' lang='grc' dir='ltr'><strong><em>καταδέσμου</em></strong></span> <span class='ocrx_word' id='word_1_241' title='bbox 1436 2817 1491 2888; x_wconf 87' lang='grc' dir='ltr'><strong><em>καί</em></strong></span> <span class='ocrx_word' id='word_1_242' title='bbox 1522 2809 1632 2898; x_wconf 85' lang='grc' dir='ltr'><strong><em>ούτῳς</em></strong></span> 
     </span>
     <span class='ocr_line' id='line_1_25' title="bbox 323 2912 1631 3009; baseline -0.005 -18"><span class='ocrx_word' id='word_1_243' title='bbox 323 2917 508 3009; x_wconf 78' lang='grc' dir='ltr'><strong><em>άγιάςεται,</em></strong></span> <span class='ocrx_word' id='word_1_244' title='bbox 553 2917 639 2990; x_wconf 83' lang='grc' dir='ltr'><strong><em>ἄλλα</em></strong></span> <span class='ocrx_word' id='word_1_245' title='bbox 675 2925 712 2991; x_wconf 90' lang='grc' dir='ltr'><strong><em>δέ</em></strong></span> <span class='ocrx_word' id='word_1_246' title='bbox 751 2923 822 2990; x_wconf 86' lang='grc' dir='ltr'><strong><em>έστι</em></strong></span> <span class='ocrx_word' id='word_1_247' title='bbox 861 2917 1038 3008; x_wconf 89' lang='grc' dir='ltr'><strong><em>τραύματα</em></strong></span> <span class='ocrx_word' id='word_1_248' title='bbox 1075 2918 1133 3006; x_wconf 80' lang='grc' dir='ltr'><strong><em>ἐφ’</em></strong></span> <span class='ocrx_word' id='word_1_249' title='bbox 1168 2915 1220 3002; x_wconf 82' lang='grc' dir='ltr'><strong><em>οίς</em></strong></span> <span class='ocrx_word' id='word_1_250' title='bbox 1255 2923 1398 3005; x_wconf 90' lang='grc' dir='ltr'><strong><em>λέγεται·</em></strong></span> <span class='ocrx_word' id='word_1_251' title='bbox 1443 2912 1523 2988; x_wconf 79' lang='grc' dir='ltr'><strong><em>»οῦκ</em></strong></span> <span class='ocrx_word' id='word_1_252' title='bbox 1562 2917 1631 2986; x_wconf 79' lang='grc' dir='ltr'><strong><em>ἔστι</em></strong></span> 
     </span>
     <span class='ocr_line' id='line_1_26' title="bbox 273 3009 1632 3110; baseline -0.004 -20"><span class='ocrx_word' id='word_1_253' title='bbox 273 3037 306 3094; x_wconf 78' lang='lat'><strong><em>25</em></strong></span> <span class='ocrx_word' id='word_1_254' title='bbox 323 3017 479 3110; x_wconf 81' lang='grc' dir='ltr'><strong><em>μάλαγμα</em></strong></span> <span class='ocrx_word' id='word_1_255' title='bbox 505 3023 673 3091; x_wconf 79' lang='grc' dir='ltr'><strong><em>ἐπιθεῖναι</em></strong></span> <span class='ocrx_word' id='word_1_256' title='bbox 701 3010 781 3090; x_wconf 87' lang='grc' dir='ltr'><strong><em>ούτε</em></strong></span> <span class='ocrx_word' id='word_1_257' title='bbox 808 3021 923 3091; x_wconf 79' lang='grc' dir='ltr'><strong><em>ἔλαιον</em></strong></span> <span class='ocrx_word' id='word_1_258' title='bbox 953 3009 1031 3090; x_wconf 86' lang='grc' dir='ltr'><strong><em>ούτε</em></strong></span> <span class='ocrx_word' id='word_1_259' title='bbox 1052 3024 1292 3106; x_wconf 86' lang='grc' dir='ltr'><strong><em>καταδέσμους·</em></strong></span> <span class='ocrx_word' id='word_1_260' title='bbox 1323 3013 1409 3090; x_wconf 88' lang='grc' dir='ltr'><strong><em>άλλά</em></strong></span> <span class='ocrx_word' id='word_1_261' title='bbox 1432 3011 1453 3104; x_wconf 80' lang='grc' dir='ltr'><em>ἡ</em></span> <span class='ocrx_word' id='word_1_262' title='bbox 1474 3022 1515 3105; x_wconf 85' lang='grc' dir='ltr'><strong><em>γῇ</em></strong></span> <span class='ocrx_word' id='word_1_263' title='bbox 1536 3011 1632 3104; x_wconf 81' lang='grc' dir='ltr'><strong><em>ύμοῦν</em></strong></span> 
     </span>
     <span class='ocr_line' id='line_1_27' title="bbox 238 3110 1630 3209; baseline -0.006 -15"><span class='ocrx_word' id='word_1_264' title='bbox 238 3140 306 3196; x_wconf 54' lang='grc'><strong><em>2171</em></strong></span> <span class='ocrx_word' id='word_1_265' title='bbox 324 3121 453 3209; x_wconf 74' lang='grc' dir='ltr'><strong><em>ἔρημος,</em></strong></span> <span class='ocrx_word' id='word_1_266' title='bbox 477 3121 510 3190; x_wconf 87' lang='grc' dir='ltr'><strong><em>αί</em></strong></span> <span class='ocrx_word' id='word_1_267' title='bbox 530 3114 646 3200; x_wconf 89' lang='grc' dir='ltr'><strong><em>πόλεις</em></strong></span> <span class='ocrx_word' id='word_1_268' title='bbox 665 3113 762 3207; x_wconf 86' lang='grc' dir='ltr'><strong><em>ῦμιῦν</em></strong></span> <span class='ocrx_word' id='word_1_269' title='bbox 782 3125 1036 3204; x_wconf 74' lang='grc' dir='ltr'><strong><em>πυρίκαυστοιι·</em></strong></span> <span class='ocrx_word' id='word_1_270' title='bbox 1055 3127 1060 3202; x_wconf 90' lang='grc' dir='ltr'>Ι</span> <span class='ocrx_word' id='word_1_271' title='bbox 1080 3111 1191 3202; x_wconf 87' lang='grc' dir='ltr'><strong><em>οῦτοος</em></strong></span> <span class='ocrx_word' id='word_1_272' title='bbox 1209 3121 1280 3188; x_wconf 76' lang='grc' dir='ltr'><strong><em>ἔστι</em></strong></span> <span class='ocrx_word' id='word_1_273' title='bbox 1302 3115 1378 3187; x_wconf 84' lang='grc' dir='ltr'><strong><em>τινά</em></strong></span> <span class='ocrx_word' id='word_1_274' title='bbox 1400 3110 1630 3205; x_wconf 82' lang='grc' dir='ltr'><strong><em>άμαρτῇματα,</em></strong></span> 
     </span>
     <span class='ocr_line' id='line_1_28' title="bbox 324 3209 1630 3306; baseline -0.004 -17"><span class='ocrx_word' id='word_1_275' title='bbox 324 3217 344 3290; x_wconf 82' lang='grc' dir='ltr'><strong><em>ά</em></strong></span> <span class='ocrx_word' id='word_1_276' title='bbox 371 3219 475 3306; x_wconf 82' lang='grc' dir='ltr'><strong><em>ῥοποῑ</em></strong></span> <span class='ocrx_word' id='word_1_277' title='bbox 500 3216 564 3306; x_wconf 83' lang='grc' dir='ltr'><strong><em>τὴν</em></strong></span> <span class='ocrx_word' id='word_1_278' title='bbox 584 3213 710 3306; x_wconf 79' lang='grc' dir='ltr'><strong><em>ψυχήν,</em></strong></span> <span class='ocrx_word' id='word_1_279' title='bbox 743 3224 799 3287; x_wconf 83' lang='grc' dir='ltr'><strong><em>καὶ</em></strong></span> <span class='ocrx_word' id='word_1_280' title='bbox 821 3221 927 3288; x_wconf 77' lang='grc' dir='ltr'><strong><em>δεῖται</em></strong></span> <span class='ocrx_word' id='word_1_281' title='bbox 949 3212 969 3288; x_wconf 86' lang='grc' dir='ltr'><strong><em>δ</em></strong></span> <span class='ocrx_word' id='word_1_282' title='bbox 991 3216 1178 3304; x_wconf 83' lang='grc' dir='ltr'><strong><em>ἄνθρωπος</em></strong></span> <span class='ocrx_word' id='word_1_283' title='bbox 1199 3221 1255 3288; x_wconf 84' lang='grc' dir='ltr'><strong><em>έπί</em></strong></span> <span class='ocrx_word' id='word_1_284' title='bbox 1276 3215 1414 3298; x_wconf 87' lang='grc' dir='ltr'><strong><em>τούτοις</em></strong></span> <span class='ocrx_word' id='word_1_285' title='bbox 1435 3232 1508 3297; x_wconf 75' lang='grc' dir='ltr'><strong><em>τοῖς</em></strong></span> <span class='ocrx_word' id='word_1_286' title='bbox 1529 3209 1630 3304; x_wconf 79' lang='grc' dir='ltr'><strong><em>ἆμαρ-</em></strong></span> 
     </span>
     <span class='ocr_line' id='line_1_29' title="bbox 323 3311 1631 3407; baseline -0.004 -18"><span class='ocrx_word' id='word_1_287' title='bbox 323 3315 445 3407; x_wconf 84' lang='grc' dir='ltr'><strong><em>τῇμασι</em></strong></span> <span class='ocrx_word' id='word_1_288' title='bbox 467 3311 571 3405; x_wconf 90' lang='grc' dir='ltr'><strong><em>λόγου</em></strong></span> <span class='ocrx_word' id='word_1_289' title='bbox 593 3321 723 3402; x_wconf 87' lang='grc' dir='ltr'><strong><em>νίτρον,</em></strong></span> <span class='ocrx_word' id='word_1_290' title='bbox 755 3312 859 3406; x_wconf 89' lang='grc' dir='ltr'><strong><em>λόγου</em></strong></span> <span class='ocrx_word' id='word_1_291' title='bbox 880 3311 982 3400; x_wconf 88' lang='grc' dir='ltr'><strong><em>πόας·</em></strong></span> <span class='ocrx_word' id='word_1_292' title='bbox 1013 3319 1082 3387; x_wconf 81' lang='grc' dir='ltr'><strong><em>έστι</em></strong></span> <span class='ocrx_word' id='word_1_293' title='bbox 1104 3322 1142 3389; x_wconf 94' lang='grc' dir='ltr'><strong><em>δέ</em></strong></span> <span class='ocrx_word' id='word_1_294' title='bbox 1161 3343 1238 3387; x_wconf 90' lang='grc' dir='ltr'><strong><em>τινα</em></strong></span> <span class='ocrx_word' id='word_1_295' title='bbox 1258 3311 1495 3404; x_wconf 84' lang='grc' dir='ltr'><strong><em>άμαρτῇματα,</em></strong></span> <span class='ocrx_word' id='word_1_296' title='bbox 1527 3311 1631 3402; x_wconf 78' lang='grc' dir='ltr'><strong><em>άούγ</em></strong></span> 
     </span>
     <span class='ocr_line' id='line_1_30' title="bbox 323 3411 1629 3506; baseline -0.002 -18"><span class='ocrx_word' id='word_1_297' title='bbox 323 3411 435 3500; x_wconf 78' lang='grc' dir='ltr'><strong><em>οὕτως</em></strong></span> <span class='ocrx_word' id='word_1_298' title='bbox 464 3413 702 3502; x_wconf 86' lang='grc' dir='ltr'><strong><em>θεραπεύεται,</em></strong></span> <span class='ocrx_word' id='word_1_299' title='bbox 730 3411 808 3487; x_wconf 76' lang='grc' dir='ltr'><strong><em>οῦδὲ</em></strong></span> <span class='ocrx_word' id='word_1_300' title='bbox 838 3414 899 3504; x_wconf 86' lang='grc' dir='ltr'><strong><em>γάρ</em></strong></span> <span class='ocrx_word' id='word_1_301' title='bbox 930 3413 1029 3506; x_wconf 83' lang='grc' dir='ltr'><strong><em>ῥύπῳ</em></strong></span> <span class='ocrx_word' id='word_1_302' title='bbox 1059 3411 1317 3504; x_wconf 78' lang='grc' dir='ltr'><strong><em>παραβάλλεται.</em></strong></span> <span class='ocrx_word' id='word_1_303' title='bbox 1353 3412 1407 3485; x_wconf 86' lang='grc' dir='ltr'><strong><em>διὰ</em></strong></span> <span class='ocrx_word' id='word_1_304' title='bbox 1435 3418 1540 3486; x_wconf 88' lang='grc' dir='ltr'><strong><em>τοῦτο</em></strong></span> <span class='ocrx_word' id='word_1_305' title='bbox 1568 3413 1629 3496; x_wconf 84' lang='grc' dir='ltr'><strong><em>τὰς</em></strong></span> 
     </span>
     <span class='ocr_line' id='line_1_31' title="bbox 272 3509 1702 3607; baseline -0.004 -17"><span class='ocrx_word' id='word_1_306' title='bbox 272 3543 306 3599; x_wconf 84' lang='lat'><strong><em>30</em></strong></span> <span class='ocrx_word' id='word_1_307' title='bbox 323 3515 497 3607; x_wconf 70' lang='grc' dir='ltr'><strong><em>διαΙίῳοράς</em></strong></span> <span class='ocrx_word' id='word_1_308' title='bbox 532 3523 605 3588; x_wconf 80' lang='grc' dir='ltr'><strong><em>τῶν</em></strong></span> <span class='ocrx_word' id='word_1_309' title='bbox 635 3509 889 3605; x_wconf 85' lang='grc' dir='ltr'><strong><em>άμαρτημάτων</em></strong></span> <span class='ocrx_word' id='word_1_310' title='bbox 918 3512 1138 3605; x_wconf 77' lang='grc' dir='ltr'><strong><em>ἐπιστάμενος</em></strong></span> <span class='ocrx_word' id='word_1_311' title='bbox 1169 3509 1189 3586; x_wconf 85' lang='grc' dir='ltr'><strong><em>δ</em></strong></span> <span class='ocrx_word' id='word_1_312' title='bbox 1221 3519 1258 3586; x_wconf 86' lang='grc' dir='ltr'><strong><em>έν</em></strong></span> <span class='ocrx_word' id='word_1_313' title='bbox 1286 3521 1340 3604; x_wconf 82' lang='grc' dir='ltr'><strong><em>τῷ</em></strong></span> <span class='ocrx_word' id='word_1_314' title='bbox 1370 3509 1484 3605; x_wconf 78' lang='grc' dir='ltr'><strong><em>Ἠσαίᾳ</em></strong></span> <span class='ocrx_word' id='word_1_315' title='bbox 1515 3512 1629 3603; x_wconf 85' lang='grc' dir='ltr'><strong><em>κ’ύριος</em></strong></span> <span class='ocrx_word' id='word_1_316' title='bbox 1653 3527 1702 3584; x_wconf 84' lang='grc'><strong><em>139</em></strong></span> 
     </span>
     <span class='ocr_line' id='line_1_32' title="bbox 323 3611 1629 3705; baseline -0.005 -17"><span class='ocrx_word' id='word_1_317' title='bbox 323 3611 387 3705; x_wconf 81' lang='grc' dir='ltr'><strong><em>δρα</em></strong></span> <span class='ocrx_word' id='word_1_318' title='bbox 412 3621 488 3698; x_wconf 81' lang='grc' dir='ltr'><strong><em>πῶς</em></strong></span> <span class='ocrx_word' id='word_1_319' title='bbox 514 3619 600 3702; x_wconf 90' lang='grc' dir='ltr'><strong><em>λέγει</em></strong></span> <span class='ocrx_word' id='word_1_320' title='bbox 626 3612 666 3686; x_wconf 86' lang='grc' dir='ltr'><strong><em>τό</em></strong></span> <span class='ocrx_word' id='word_1_321' title='bbox 697 3618 874 3686; x_wconf 79' lang='grc' dir='ltr'><strong><em>»ίκπλυνεῑ</em></strong></span> <span class='ocrx_word' id='word_1_322' title='bbox 897 3613 1012 3705; x_wconf 89' lang='grc' dir='ltr'><strong><em>κύριος</em></strong></span> <span class='ocrx_word' id='word_1_323' title='bbox 1038 3614 1101 3687; x_wconf 84' lang='grc' dir='ltr'><strong><em>τὸν</em></strong></span> <span class='ocrx_word' id='word_1_324' title='bbox 1131 3611 1241 3704; x_wconf 91' lang='grc' dir='ltr'><strong><em>ῥύπον</em></strong></span> <span class='ocrx_word' id='word_1_325' title='bbox 1267 3619 1341 3684; x_wconf 82' lang='grc' dir='ltr'><strong><em>τῶν</em></strong></span> <span class='ocrx_word' id='word_1_326' title='bbox 1366 3617 1453 3684; x_wconf 83' lang='grc' dir='ltr'><strong><em>υίεῦν</em></strong></span> <span class='ocrx_word' id='word_1_327' title='bbox 1478 3620 1629 3684; x_wconf 81' lang='grc' dir='ltr'><strong><em>καὶτῶν</em></strong></span> 
     </span>
     <span class='ocr_line' id='line_1_33' title="bbox 322 3709 1629 3806; baseline -0.003 -19"><span class='ocrx_word' id='word_1_328' title='bbox 322 3721 523 3806; x_wconf 85' lang='grc' dir='ltr'><strong><em>θυγατέρων</em></strong></span> <span class='ocrx_word' id='word_1_329' title='bbox 544 3713 656 3798; x_wconf 82' lang='grc' dir='ltr'><strong><em>Σιών,</em></strong></span> <span class='ocrx_word' id='word_1_330' title='bbox 687 3721 743 3785; x_wconf 86' lang='grc' dir='ltr'><strong><em>καὶ</em></strong></span> <span class='ocrx_word' id='word_1_331' title='bbox 765 3712 806 3785; x_wconf 86' lang='grc' dir='ltr'><strong><em>τό</em></strong></span> <span class='ocrx_word' id='word_1_332' title='bbox 829 3712 910 3804; x_wconf 88' lang='grc' dir='ltr'><strong><em>αίμα</em></strong></span> <span class='ocrx_word' id='word_1_333' title='bbox 929 3719 1124 3804; x_wconf 80' lang='grc' dir='ltr'><strong><em>ἐκκαθαριεί</em></strong></span> <span class='ocrx_word' id='word_1_334' title='bbox 1143 3717 1180 3785; x_wconf 78' lang='grc' dir='ltr'><strong><em>ἐκ</em></strong></span> <span class='ocrx_word' id='word_1_335' title='bbox 1201 3718 1304 3803; x_wconf 90' lang='grc' dir='ltr'><strong><em>μέσου</em></strong></span> <span class='ocrx_word' id='word_1_336' title='bbox 1325 3709 1442 3784; x_wconf 82' lang='grc' dir='ltr'><strong><em>αύτοῦν</em></strong></span> <span class='ocrx_word' id='word_1_337' title='bbox 1463 3709 1629 3803; x_wconf 90' lang='grc' dir='ltr'><strong><em>πνεύματι</em></strong></span> 
     </span>
    </p>
   </div>
   <div class='ocr_carea' id='block_1_3' title="bbox 320 3932 1628 4257">
    <p class='ocr_par' dir='ltr' id='par_1_3' title="bbox 320 3932 1628 4257">
     <span class='ocr_line' id='line_1_34' title="bbox 407 3932 1628 4004; baseline 0 -14"><span class='ocrx_word' id='word_1_338' title='bbox 407 3934 446 3990; x_wconf 78' lang='lat'><strong><em>12</em></strong></span> <span class='ocrx_word' id='word_1_339' title='bbox 464 3933 546 3989; x_wconf 84' lang='lat' dir='ltr'>Hebr.</span> <span class='ocrx_word' id='word_1_340' title='bbox 558 3937 583 4000; x_wconf 89' lang='lat'><strong><em>4,</em></strong></span> <span class='ocrx_word' id='word_1_341' title='bbox 596 3933 636 3988; x_wconf 81' lang='lat'><strong><em>12.</em></strong></span> <span class='ocrx_word' id='word_1_342' title='bbox 656 3963 686 3974; x_wconf 90' lang='lat'>-</span> <span class='ocrx_word' id='word_1_343' title='bbox 706 3932 782 3990; x_wconf 74' lang='lat'><strong>1411.</strong></span> <span class='ocrx_word' id='word_1_344' title='bbox 802 3933 865 4004; x_wconf 80' lang='lat' dir='ltr'><strong>Vgl.</strong></span> <span class='ocrx_word' id='word_1_345' title='bbox 877 3933 951 3990; x_wconf 79' lang='lat' dir='ltr'>Hier.</span> <span class='ocrx_word' id='word_1_346' title='bbox 964 3935 1067 3992; x_wconf 73' lang='lat' dir='ltr'><strong>Gomm</strong></span> <span class='ocrx_word' id='word_1_347' title='bbox 1079 3936 1140 3992; x_wconf 80' lang='lat'>850:</span> <span class='ocrx_word' id='word_1_348' title='bbox 1168 3933 1376 3989; x_wconf 70' lang='lat' dir='ltr'><strong>Eoeleeiasticus</strong></span> <span class='ocrx_word' id='word_1_349' title='bbox 1398 3951 1507 4004; x_wconf 77' lang='lat' dir='ltr'>quoque</span> <span class='ocrx_word' id='word_1_350' title='bbox 1530 3951 1628 3998; x_wconf 75' lang='lat' dir='ltr'>sermo,</span> 
     </span>
     <span class='ocr_line' id='line_1_35' title="bbox 321 4017 1628 4090; baseline -0.001 -15"><span class='ocrx_word' id='word_1_351' title='bbox 321 4019 369 4089; x_wconf 88' lang='lat' dir='ltr'><strong><em>qui</em></strong></span> <span class='ocrx_word' id='word_1_352' title='bbox 391 4019 566 4090; x_wconf 73' lang='lat' dir='ltr'><strong>arguit</strong></span> <span class='ocrx_word' id='word_1_353' title='bbox 584 4017 762 4075; x_wconf 76' lang='lat' dir='ltr'><strong>mordacioris</strong></span> <span class='ocrx_word' id='word_1_354' title='bbox 785 4018 852 4072; x_wconf 75' lang='lat' dir='ltr'><strong>nltri</strong></span> <span class='ocrx_word' id='word_1_355' title='bbox 868 4020 955 4076; x_wconf 73' lang='lat' dir='ltr'>habet</span> <span class='ocrx_word' id='word_1_356' title='bbox 971 4019 1178 4075; x_wconf 76' lang='lat' dir='ltr'>similitudinem</span> <span class='ocrx_word' id='word_1_357' title='bbox 1289 4019 1374 4074; x_wconf 82' lang='grc' dir='ltr'><strong><em>Ροετο</em></strong></span> <span class='ocrx_word' id='word_1_358' title='bbox 1393 4022 1508 4090; x_wconf 64' lang='lat' dir='ltr'><strong>peecata</strong></span> <span class='ocrx_word' id='word_1_359' title='bbox 1524 4019 1628 4090; x_wconf 71' lang='lat' dir='ltr'><strong>gravia,</strong></span> 
     </span>
     <span class='ocr_line' id='line_1_36' title="bbox 321 4101 1628 4174; baseline -0.003 -14"><span class='ocrx_word' id='word_1_360' title='bbox 321 4121 391 4174; x_wconf 77' lang='lat' dir='ltr'>quae</span> <span class='ocrx_word' id='word_1_361' title='bbox 408 4104 443 4158; x_wconf 74' lang='lat' dir='ltr'><strong><em>ad</em></strong></span> <span class='ocrx_word' id='word_1_362' title='bbox 461 4105 577 4158; x_wconf 74' lang='lat' dir='ltr'><strong>mortem</strong></span> <span class='ocrx_word' id='word_1_363' title='bbox 593 4103 717 4169; x_wconf 66' lang='lat' dir='ltr'><strong><em>trahunb,</em></strong></span> <span class='ocrx_word' id='word_1_364' title='bbox 735 4120 786 4158; x_wconf 80' lang='lat' dir='ltr'><strong><em>neo</em></strong></span> <span class='ocrx_word' id='word_1_365' title='bbox 802 4104 876 4160; x_wconf 77' lang='lat' dir='ltr'><strong>nitro</strong></span> <span class='ocrx_word' id='word_1_366' title='bbox 894 4123 946 4161; x_wconf 79' lang='lat' dir='ltr'><strong><em>neo</em></strong></span> <span class='ocrx_word' id='word_1_367' title='bbox 962 4106 1046 4161; x_wconf 75' lang='lat' dir='ltr'><strong>herba</strong></span> <span class='ocrx_word' id='word_1_368' title='bbox 1066 4104 1163 4160; x_wconf 79' lang='lat' dir='ltr'><strong>Borith</strong></span> <span class='ocrx_word' id='word_1_369' title='bbox 1174 4102 1245 4158; x_wconf 82' lang='lat' dir='ltr'><strong>dilui</strong></span> <span class='ocrx_word' id='word_1_370' title='bbox 1256 4106 1376 4174; x_wconf 72' lang='lat' dir='ltr'><strong>possunt,</strong></span> <span class='ocrx_word' id='word_1_371' title='bbox 1395 4103 1444 4158; x_wconf 82' lang='grc' dir='ltr'><strong><em>εοδ</em></strong></span> <span class='ocrx_word' id='word_1_372' title='bbox 1456 4101 1628 4174; x_wconf 68' lang='lat' dir='ltr'><strong>gravionibus</strong></span> 
     </span>
     <span class='ocr_line' id='line_1_37' title="bbox 320 4186 1309 4257; baseline -0.003 -12"><span class='ocrx_word' id='word_1_373' title='bbox 320 4187 463 4245; x_wconf 70' lang='lat' dir='ltr'><strong>tormentis</strong></span> <span class='ocrx_word' id='word_1_374' title='bbox 474 4187 609 4257; x_wconf 63' lang='lat' dir='ltr'>indigent,</span> <span class='ocrx_word' id='word_1_375' title='bbox 626 4217 660 4228; x_wconf 90' lang='lat'><em>-</em></span> <span class='ocrx_word' id='word_1_376' title='bbox 678 4186 718 4244; x_wconf 77' lang='lat'><strong><em>24</em></strong></span> <span class='ocrx_word' id='word_1_377' title='bbox 737 4187 791 4246; x_wconf 73' lang='lat' dir='ltr'><strong>Jes.</strong></span> <span class='ocrx_word' id='word_1_378' title='bbox 801 4194 825 4255; x_wconf 88' lang='lat'><strong><em>1,</em></strong></span> <span class='ocrx_word' id='word_1_379' title='bbox 837 4191 861 4245; x_wconf 89' lang='grc'><strong><em>6.</em></strong></span> <span class='ocrx_word' id='word_1_380' title='bbox 874 4193 899 4245; x_wconf 77' lang='grc'><strong><em>7.</em></strong></span> <span class='ocrx_word' id='word_1_381' title='bbox 916 4221 949 4230; x_wconf 90' lang='grc'>-</span> <span class='ocrx_word' id='word_1_382' title='bbox 969 4189 1078 4246; x_wconf 76' lang='grc'><strong>81-8.</strong></span> <span class='ocrx_word' id='word_1_383' title='bbox 1092 4190 1132 4256; x_wconf 89' lang='grc'><strong><em>19,</em></strong></span> <span class='ocrx_word' id='word_1_384' title='bbox 1145 4191 1160 4244; x_wconf 79' lang='lat'><strong>7</strong></span> <span class='ocrx_word' id='word_1_385' title='bbox 1178 4187 1232 4243; x_wconf 76' lang='lat' dir='ltr'><strong>Jes.</strong></span> <span class='ocrx_word' id='word_1_386' title='bbox 1244 4191 1270 4256; x_wconf 84' lang='lat'><strong><em>4,</em></strong></span> <span class='ocrx_word' id='word_1_387' title='bbox 1284 4191 1309 4243; x_wconf 78' lang='lat'><strong><em>4.</em></strong></span> 
     </span>
    </p>
   </div>
   <div class='ocr_carea' id='block_1_4' title="bbox 316 4377 1666 4702">
    <p class='ocr_par' dir='ltr' id='par_1_4' title="bbox 316 4377 1666 4702">
     <span class='ocr_line' id='line_1_38' title="bbox 405 4377 1666 4452; baseline -0.005 -16"><span class='ocrx_word' id='word_1_388' title='bbox 405 4380 445 4436; x_wconf 82' lang='grc'><strong><em>10</em></strong></span> <span class='ocrx_word' id='word_1_389' title='bbox 466 4386 578 4452; x_wconf 81' lang='grc' dir='ltr'><strong><em>γραφῆς</em></strong></span> <span class='ocrx_word' id='word_1_390' title='bbox 600 4380 618 4434; x_wconf 83' lang='lat' dir='ltr'>S</span> <span class='ocrx_word' id='word_1_391' title='bbox 644 4397 726 4435; x_wconf 76' lang='grc' dir='ltr'><strong><em>εαοαα</em></strong></span> <span class='ocrx_word' id='word_1_392' title='bbox 751 4381 894 4434; x_wconf 73' lang='lat' dir='ltr'><em>vol-nmina</em></span> <span class='ocrx_word' id='word_1_393' title='bbox 914 4381 940 4434; x_wconf 87' lang='grc' dir='ltr'>Η</span> <span class='ocrx_word' id='word_1_394' title='bbox 964 4379 1093 4452; x_wconf 74' lang='grc' dir='ltr'><strong><em>τροῳῇςλ</em></strong></span> <span class='ocrx_word' id='word_1_395' title='bbox 1114 4379 1194 4434; x_wconf 79' lang='grc' dir='ltr'><strong><em>ΒΙειαε</em></strong></span> <span class='ocrx_word' id='word_1_396' title='bbox 1217 4381 1221 4448; x_wconf 90' lang='grc' dir='ltr'>Ι</span> <span class='ocrx_word' id='word_1_397' title='bbox 1245 4380 1285 4435; x_wconf 72' lang='lat'><strong><em>18</em></strong></span> <span class='ocrx_word' id='word_1_398' title='bbox 1306 4379 1451 4449; x_wconf 86' lang='grc' dir='ltr'><strong><em>δίστομον]</em></strong></span> <span class='ocrx_word' id='word_1_399' title='bbox 1475 4386 1507 4444; x_wconf 71' lang='grc' dir='ltr'><strong><em>-ί-</em></strong></span> <span class='ocrx_word' id='word_1_400' title='bbox 1524 4383 1548 4432; x_wconf 74' lang='lat' dir='ltr'><strong><em>el</em></strong></span> <span class='ocrx_word' id='word_1_401' title='bbox 1564 4377 1625 4432; x_wconf 78' lang='lat' dir='ltr'><em>reli·</em></span> <span class='ocrx_word' id='word_1_402' title='bbox 1665 4433 1666 4438; x_wconf 57' lang='grc'><strong><em>,</em></strong></span> 
     </span>
     <span class='ocr_line' id='line_1_39' title="bbox 320 4459 1627 4534; baseline -0.003 -16"><span class='ocrx_word' id='word_1_403' title='bbox 320 4483 375 4534; x_wconf 81' lang='lat' dir='ltr'><strong><em>qua</em></strong></span> <span class='ocrx_word' id='word_1_404' title='bbox 391 4464 417 4519; x_wconf 88' lang='grc' dir='ltr'><strong>Η</strong></span> <span class='ocrx_word' id='word_1_405' title='bbox 431 4466 437 4533; x_wconf 92' lang='grc' dir='ltr'>Ι</span> <span class='ocrx_word' id='word_1_406' title='bbox 453 4465 489 4521; x_wconf 78' lang='lat'><strong><em>15</em></strong></span> <span class='ocrx_word' id='word_1_407' title='bbox 506 4459 565 4521; x_wconf 72' lang='grc' dir='ltr'><strong><em>ἔστι</em></strong></span> <span class='ocrx_word' id='word_1_408' title='bbox 583 4465 619 4520; x_wconf 86' lang='lat' dir='ltr'><strong><em>Go</em></strong></span> <span class='ocrx_word' id='word_1_409' title='bbox 639 4459 703 4534; x_wconf 74' lang='grc' dir='ltr'><strong><em>ἔστη</em></strong></span> <span class='ocrx_word' id='word_1_410' title='bbox 721 4465 738 4519; x_wconf 85' lang='lat' dir='ltr'>S</span> <span class='ocrx_word' id='word_1_411' title='bbox 754 4466 757 4533; x_wconf 95' lang='grc' dir='ltr'>Ι</span> <span class='ocrx_word' id='word_1_412' title='bbox 775 4467 813 4522; x_wconf 79' lang='grc'><strong><em>16</em></strong></span> <span class='ocrx_word' id='word_1_413' title='bbox 832 4461 894 4520; x_wconf 85' lang='grc' dir='ltr'><strong><em>έπεί</em></strong></span> <span class='ocrx_word' id='word_1_414' title='bbox 911 4464 948 4533; x_wconf 76' lang='grc' dir='ltr'><strong><em>δέ]</em></strong></span> <span class='ocrx_word' id='word_1_415' title='bbox 967 4461 1060 4530; x_wconf 75' lang='grc' dir='ltr'><strong><em>ἐπειδὴ</em></strong></span> <span class='ocrx_word' id='word_1_416' title='bbox 1079 4464 1116 4530; x_wconf 80' lang='grc'><strong><em>81</em></strong></span> <span class='ocrx_word' id='word_1_417' title='bbox 1132 4463 1170 4519; x_wconf 87' lang='grc'><strong><em>18</em></strong></span> <span class='ocrx_word' id='word_1_418' title='bbox 1188 4462 1320 4534; x_wconf 78' lang='grc' dir='ltr'><strong><em>δεόμενα]</em></strong></span> <span class='ocrx_word' id='word_1_419' title='bbox 1338 4471 1372 4529; x_wconf 73' lang='grc' dir='ltr'><strong><em>-ί-</em></strong></span> <span class='ocrx_word' id='word_1_420' title='bbox 1387 4463 1471 4532; x_wconf 75' lang='lat' dir='ltr'><strong><em>facili</em></strong></span> <span class='ocrx_word' id='word_1_421' title='bbox 1487 4462 1627 4516; x_wconf 78' lang='grc' dir='ltr'><strong><em>οιααίιοαε</em></strong></span> 
     </span>
     <span class='ocr_line' id='line_1_40' title="bbox 319 4545 1625 4625; baseline 0 -23"><span class='ocrx_word' id='word_1_422' title='bbox 319 4565 367 4603; x_wconf 78' lang='lat' dir='ltr'><strong><em>neo</em></strong></span> <span class='ocrx_word' id='word_1_423' title='bbox 378 4549 405 4603; x_wconf 86' lang='grc' dir='ltr'>Η</span> <span class='ocrx_word' id='word_1_424' title='bbox 419 4549 424 4617; x_wconf 84' lang='grc' dir='ltr'>Ι</span> <span class='ocrx_word' id='word_1_425' title='bbox 441 4549 552 4606; x_wconf 75' lang='grc'><strong>18-20</strong></span> <span class='ocrx_word' id='word_1_426' title='bbox 568 4548 742 4625; x_wconf 77' lang='grc' dir='ltr'><strong><em>πρὸς-πύῳ]</em></strong></span> <span class='ocrx_word' id='word_1_427' title='bbox 755 4557 789 4607; x_wconf 97' lang='grc'>&lt;</span> <span class='ocrx_word' id='word_1_428' title='bbox 800 4548 827 4602; x_wconf 91' lang='grc' dir='ltr'>Η</span> <span class='ocrx_word' id='word_1_429' title='bbox 841 4551 845 4616; x_wconf 92' lang='grc' dir='ltr'>Ι</span> <span class='ocrx_word' id='word_1_430' title='bbox 862 4547 902 4603; x_wconf 74' lang='lat'><strong><em>2⁰</em></strong></span> <span class='ocrx_word' id='word_1_431' title='bbox 914 4547 970 4622; x_wconf 79' lang='grc' dir='ltr'><strong><em>αὐᾳ</em></strong></span> <span class='ocrx_word' id='word_1_432' title='bbox 984 4548 1021 4602; x_wconf 81' lang='lat'><strong><em>00</em></strong></span> <span class='ocrx_word' id='word_1_433' title='bbox 1034 4545 1112 4620; x_wconf 82' lang='grc' dir='ltr'><strong><em>παρὰ</em></strong></span> <span class='ocrx_word' id='word_1_434' title='bbox 1125 4547 1142 4601; x_wconf 83' lang='lat' dir='ltr'>S</span> <span class='ocrx_word' id='word_1_435' title='bbox 1157 4549 1161 4616; x_wconf 94' lang='grc' dir='ltr'>Ι</span> <span class='ocrx_word' id='word_1_436' title='bbox 1177 4547 1216 4604; x_wconf 76' lang='lat'><strong><em>28</em></strong></span> <span class='ocrx_word' id='word_1_437' title='bbox 1228 4547 1316 4620; x_wconf 84' lang='grc' dir='ltr'><strong><em>λόγου</em></strong></span> <span class='ocrx_word' id='word_1_438' title='bbox 1327 4550 1431 4620; x_wconf 87' lang='grc' dir='ltr'><strong><em>νίτρον,</em></strong></span> <span class='ocrx_word' id='word_1_439' title='bbox 1443 4547 1532 4618; x_wconf 83' lang='grc' dir='ltr'><strong><em>λόγου</em></strong></span> <span class='ocrx_word' id='word_1_440' title='bbox 1543 4545 1625 4615; x_wconf 83' lang='grc' dir='ltr'><strong><em>πόας]</em></strong></span> 
     </span>
     <span class='ocr_line' id='line_1_41' title="bbox 316 4633 742 4702; baseline 0.005 -16"><span class='ocrx_word' id='word_1_441' title='bbox 316 4633 524 4702; x_wconf 71' lang='grc' dir='ltr'><strong><em>μοαοιαίίιτλμιι</em></strong></span> <span class='ocrx_word' id='word_1_442' title='bbox 540 4651 691 4688; x_wconf 71' lang='lat' dir='ltr'><strong><em>samonem</em></strong></span> <span class='ocrx_word' id='word_1_443' title='bbox 708 4633 742 4688; x_wconf 90' lang='grc' dir='ltr'><strong><em>Η.</em></strong></span> 
     </span>
    </p>
   </div>
   <div class='ocr_carea' id='block_1_5' title="bbox 0 0 1856 5540">
    <p class='ocr_par' dir='ltr' id='par_1_5' title="bbox 0 0 1856 5540">
     <span class='ocr_line' id='line_1_42' title="bbox 0 0 1856 5540; baseline 0 3"><span class='ocrx_word' id='word_1_444' title='bbox 0 0 1856 5540; x_wconf 95' lang='lat' dir='ltr'><strong><em> </em></strong></span> 
     </span>
    </p>
   </div>
  </div>
 </body>
</html>
