3658 5566
549 495 600 550 Die
617 493 781 564 &agmento
798 509 847 548 aus
865 490 914 546 der
930 490 1195 561 Prophetenkatene.
1460 497 1520 559 275

593 694 650 760 Nr.
671 693 750 761 cxl.
791 693 915 779 Klagel.
930 692 950 758 J
953 716 1044 758 erem.
1060 699 1088 772 4,
1104 699 1151 758 15.

299 849 405 932 Δηλοῑ
434 847 468 912 δὲ
492 846 504 931 ΙΙ
529 839 569 912 τὸ
599 847 661 931 μὲν
690 836 928 929 άνῆφθησαν
958 837 999 910 τὸ
1031 843 1092 928 τῆς
1118 832 1279 919 άλαίσεως
1304 841 1384 922 πῦρ,
1416 834 1458 907 τὸ
1485 842 1521 907 δὲ
1542 857 1593 912 349

214 940 489 1032 ἰσαλεύθησαν
518 940 584 1030 τῆν
613 942 658 1022 εἰς
686 945 841 1011 δουλείαν
862 935 1081 1026 μετάστασιν,
1104 934 1145 1008 τὸ
1179 942 1215 1007 δὲ
1246 932 1291 1007 οῦ
1320 934 1370 1025 μὴ
1401 957 1520 1024 προσ-

214 1049 318 1115 θῶσι
347 1048 418 1113 τοῦ
453 1058 663 1129 παροικεῖν
700 1032 755 1111 ὅτι
785 1042 921 1127 διηνεκῆ
953 1034 1110 1128 σχήσουσι
1138 1043 1334 1126 παροινίαν,
1366 1040 1522 1123 δευτέρας

179 1157 196 1212 5
213 1147 331 1232 μηκέτι
352 1137 511 1230 δεόμενοι.

583 1294 615 1361 Ν
617 1319 640 1361 r.
662 1293 757 1360 CXII.
798 1292 921 1378 KlageL
935 1292 1050 1358 Jerem.
1065 1299 1093 1362 4,
1110 1297 1156 1359 16.

303 1441 369 1532 Τῆν
391 1440 484 1530 παρά
507 1446 658 1528 Χριστοῦ
680 1443 845 1528 τιμωρίαν
867 1443 978 1527 δηλοῖ·
1001 1443 1090 1526 λέχει
1111 1434 1174 1526 γάρ
1197 1432 1345 1520 δΔαβίδ·
1370 1431 1520 1524 »πράσω-

214 1569 283 1613 πον
312 1548 348 1614 δὲ
374 1549 493 1629 κυρίου
520 1544 574 1612 έπί
593 1545 782 1621 ποιοῦντας
803 1533 918 1608 κακάι.
962 1534 1033 1608 οῦκ
1063 1540 1353 1620 έπιβλέπονται
1384 1542 1420 1607 δὲ
1439 1532 1519 1626 παρ’

215 1638 335 1724 αὐτοῦ,
362 1647 523 1730 μένοντες
550 1633 634 1726 άπερ
662 1643 755 1709 εἰσίν·
783 1629 895 1708 »ὅταν
922 1636 984 1726 γάρ
1009 1639 1157 1722 »εἰσέλθῃ
1184 1634 1224 1707 τὸ
1251 1633 1421 1726 πλήρωμα
1448 1644 1522 1708 τῶν

214 2035 347 2120 πάντας
369 2035 432 2127 γάρ
455 2033 640 2127 άπῆγαχον.

575 2239 632 2306 Nr.
654 2238 765 2306 CXIII.
808 2239 931 2324 Klagel.
945 2239 1060 2304 Jerem
1074 2245 1101 2318 4,
1120 2246 1164 2305 17.

164 2405 197 2458 15
297 2381 378 2458 Ἀπὸ
409 2393 483 2457 τῶν
513 2385 742 2475 αἰχμαλώτων
773 2379 792 2456 ά
819 2380 921 2472 λόγος
948 2383 1033 2455 εἰναι
1055 2389 1159 2468 δοκεῖ,
1180 2383 1446 2474 μετανοούντων
1467 2383 1520 2475 ἐφ’

215 2486 268 2570 οίς
290 2489 489 2575 Αἰγυπτίοις
510 2492 566 2556 καί
587 2479 767 2573 Ἀσσυρίοις
788 2482 875 2571 πρὸς
895 2481 1093 2572 βοήθειαν
1114 2487 1343 2573 έπηρείδοντσ.
1386 2492 1520 2575 λέγοιτο

216 2581 247 2656 δ’
272 2581 316 2656 ἰίν
342 2581 547 2666 ἀκολούθως
572 2579 640 2654 ῦπό
664 2591 737 2654 τῶν
758 2587 795 2654 έκ
816 2588 999 2672 περιτομῆς
1019 2581 1290 2656 πιστευσάντων·
1319 2589 1521 2671 έξελείπο-

215 2712 286 2773 μεν
315 2689 468 2773 διακενῆς
495 2689 541 2766 εἰς
567 2680 630 2753 τὸν
652 2679 761 2769 νόμον
780 2685 988 2768 ἐλπίζοντες·
1018 2677 1037 2753 ὁ
1059 2681 1122 2772 γάρ
1144 2679 1249 2772 νόμος
1270 2683 1369 2774 σῴζει
1391 2681 1521 2770 οὐδένα,

215 2779 373 2870 καθάπερ
409 2783 503 2854 εἶπεν
538 2777 557 2853 ὁ
589 2787 730 2864 Παῦλος.
773 2777 898 2853 οὐκοῦν
934 2777 1011 2854 οῦδὲ
1047 2785 1080 2854 οί
1115 2778 1298 2872 ἠρτημένοι
1327 2790 1391 2856 τοῦ
1415 2781 1523 2875 νόμου

165 2897 200 2954 20
216 2888 385 2972 βοηθῆσαι
405 2881 491 2970 μετὰ
513 2881 577 2971 τῆν
598 2877 696 2970 χάριν
719 2878 929 2969 δυνήσονται.

573 3082 631 3150 Nr.
653 3083 763 3150 CXIV.
806 3085 930 3169 Klagel.
944 3061 1059 3151 Jerenss
1073 3093 1101 3166 4,
1119 3091 1165 3154 18.

297 3225 378 3300 Ὑπὸ
405 3227 468 3319 γάρ
495 3235 558 3300 τοῦ
579 3234 735 3318 σωτῆρος
755 3223 871 3312 »άλιεις
892 3225 1106 3319 ἀνθρώπων
1127 3228 1387 3321 ἀποδειχθέντες
1409 3238 1442 3306 οἱ
1462 3262 1522 3323 μα-

216 3335 322 3420 θηταί
344 3327 541 3419 ίθῆρευον
562 3325 738 3411 Ἰουδαίους
759 3347 834 3412 ταῖς
856 3336 952 3419 φρεσί
974 3338 1125 3420 νηπίους,
1148 3330 1192 3421 μῆ
1207 3331 1272 3421 τῆν
1286 3345 1453 3406 πλατεῖαν
1467 3343 1524 3404 καὶ

216 3425 411 3518 εῦρῦχωρον
444 3435 518 3501 τοῦν
549 3433 710 3516 πατέρων
741 3427 859 3500 αῦτιῦν
890 3435 1036 3516 βαδίζειν
1067 3425 1160 3502 ὁδόν·
1191 3427 1315 3520 σῦσπερ
1346 3432 1387 3523 δὴ
1417 3440 1472 3504 καί
1503 3429 1522 3505 ά

164 3545 199 3602 25
216 3528 332 3620 σωτὴρ
354 3525 560 3616 ὑπῃνίττετο
583 3533 705 3616 λέγων·
737 3525 875 3600 »έάσατε
896 3527 939 3599 τά
961 3536 1079 3601 παιδία
1100 3536 1215 3603 ἐλθεῖν
1235 3529 1321 3620 πρός
1342 3560 1410 3622 μει.

582 3730 639 3797 Nr.
661 3730 756 3798 CXV.
799 3731 922 3818 Klagel.
937 3733 1052 3799 Jerem.
1066 3741 1094 3813 4,
1113 3739 1158 3802 19.

299 3872 518 3964 Ἱστορεῑχάρ
532 3871 717 3964 ’ἰάσηππος
733 3873 781 3961 σάς
796 3875 874 3948 οὐδὲ
895 3878 944 3950 τά
967 3871 1036 3968 ὅρη
1060 3878 1141 3962 τοῦς
1156 3879 1344 3970 φεύγοντας
1358 3887 1523 3955 διέσωσεν.

218 3980 288 4047 ἐκεῖ
307 3981 425 4046 τοίνυν
446 3970 530 4063 ἡμᾶς
548 3977 704 4058 ἕλκοντες
725 3972 919 4065 ἥπτοντο,
942 3972 1048 4067 ῆχουν
1062 3979 1149 4066 πρὸς
1164 3985 1262 4070 δίκην
1283 3976 1523 4072 άνῆφθησαν

306 4164 321 4218 τ
346 4161 540 4230 παυσατο.
563 4194 596 4204 -
618 4165 638 4220 ε
661 4165 818 4236 νείκεα.
837 4169 878 4233 11,
897 4168 938 4223 25.
960 4197 993 4206 -
1017 4166 1056 4223 ιε
1078 4167 1141 4238 ng
1161 4169 1263 4236 eam,
1283 4173 1323 4226 11.
1345 4201 1379 4210 -
1402 4170 1440 4226 εκ
1460 4172 1524 4243 Vgl.

217 4249 318 4302 Matth.
336 4250 361 4313 4,
374 4247 415 4302 19.
428 4275 461 4286 -
474 4247 514 4304 2ss
526 4247 590 4320 vgl.
603 4250 703 4305 Matth.
716 4252 739 4314 7,
753 4253 793 4306 13.
806 4281 840 4290 —
853 4251 889 4307 λδ
901 4251 1000 4306 Μείίίι.
1014 4254 1054 4318 19,
1067 4255 1101 4307 14
1112 4253 1173 4308 Par.
1191 4285 1224 4294 -
1238 4254 1317 4312 M.
1335 4253 1398 4324 vgl.
1416 4255 1524 4326 Olymp.

219 4333 275 4402 (Gh
291 4333 341 4398 III,
358 4331 431 4400 204):
454 4329 534 4404 πρὸς
552 4332 605 4401 μὲν
631 4331 726 4406 ῥητόν,
750 4329 793 4390 ὅτι
820 4337 868 4390 καί
894 4333 961 4400 τοὺς
983 4331 1013 4391 έν
1034 4343 1095 4402 τοῖς
1117 4333 1157 4406 [έν
1173 4339 1243 4408 τοῖς]
1266 4335 1344 4410 ἰίρεσι
1367 4337 1525 4411 φαίχσντας

219 4412 491 4488 καταλαμβάνοντες
509 4413 537 4472 οί
554 4417 687 4488 πολέμιοι
704 4413 850 4492 ἔφθειρον,

306 4567 344 4624 12
367 4561 467 4641 έλαβεν
489 4588 505 4626 ο
529 4573 534 4638 Ι
560 4571 595 4627 Ῑθ
613 4567 792 4642 έπερείδοντο
811 4570 899 4638 υ12ἳ
920 4569 1068 4641 ἰώαηπαος
1088 4577 1137 4628 0¹0
1156 4568 1304 4642 ῆώσιπκος
1321 4576 1351 4630 ο*
1368 4578 1372 4644 Ι
1391 4575 1428 4634 28
1445 4577 1526 4646 ἡμῶν

220 4671 235 4710 e
253 4671 286 4710 w.
302 4669 324 4708 ο.
338 4654 394 4708 sch.
