3694 5542
541 486 593 541 Die
609 487 774 558 Fragmente
792 505 841 542 ουτ
859 489 908 544 der
924 488 1191 559 Prophetenkatene„
1461 494 1521 556 239

213 647 231 722 ό
261 646 436 738 κλαυθμὸς
464 656 522 721 καὶ
552 654 685 739 ἐπέρρει
718 650 761 721 τά
792 648 932 741 δάκρυα,
968 648 1037 739 οὐχ
1065 645 1321 740 όπάρχοντος
1350 647 1415 720 κάν
1446 647 1522 732 ἑνός

212 755 579 840 παραμυθουμένου
599 747 723 834 αὐτοὺς
744 747 820 824 ἀπὸ
843 749 1054 824 τοσούτων
1077 747 1345 841 ἀγαπώντων,
1367 745 1522 830 παντός

213 877 252 921 τε
277 856 350 920 τοῦ
377 857 602 938 φιλοῦντος
631 847 886 935 ἀθετοῦντος
913 851 978 942 τήν
1001 857 1119 937 φιλίαν
1142 851 1206 940 τήν
1228 847 1315 939 πρὸς
1337 845 1445 938 αὐτὴν
1466 857 1522 920 καὶ

211 946 500 1040 μεταβεβληκότος
521 953 567 1034 είς
593 953 751 1040 ἔχθραν.
793 959 883 1034 τίνες
905 943 977 1036 οὖν,
1001 948 1049 1034 ώς
1069 947 1157 1040 πρὸς
1179 948 1244 1039 τήν
1267 955 1367 1036 λέξιν,
1390 953 1422 1020 οἱ
1445 944 1522 1038 ἀγα-

178 1057 348 1132 5πώντες
379 1047 486 1140 αὐτὴν
516 1046 701 1140 πρότερον,
732 1047 790 1140 ἀφ’
814 1044 865 1124 ών
893 1047 1000 1134 οὐδεὶς
1030 1047 1205 1141 όπήρχεν
1236 1045 1521 1140 παραμυθησό-

212 1177 327 1238 μενος
359 1146 504 1240 αάτήν;
534 1148 620 1239 τάχα
647 1154 682 1222 αί
707 1159 822 1224 λοιπαί
851 1158 912 1242 τῆς
937 1147 1094 1232 Ἰουδαίας
1115 1145 1245 1234 πόλεις,
1273 1147 1327 1221 διά
1354 1154 1460 1221 τοῦτο
1486 1153 1521 1218 δὲ

212 1253 295 1332 ἴσως
325 1243 503 1339 ἀγαπῶσαι
533 1248 597 1339 τήν
630 1247 856 1340 μητρόπολιν,
889 1256 926 1324 ἐν
956 1257 1062 1339 καιρῷ
1089 1246 1318 1339 περιστάσεως
1340 1243 1381 1320 οὗ
1403 1275 1520 1336 παρε-

211 1346 371 1421 κάλουα

297 1472 363 1536 Καὶ
384 1460 456 1555 μετ’
479 1460 588 1557 όλίγα·
649 1543 652 1554 ,
702 1551 704 1554 ¹

164 1603 196 1655 10
301 1587 410 1654 Ταῦτα
431 1588 493 1671 μὲν
515 1575 578 1654 οὖν
599 1580 686 1672 πρὸς
709 1580 750 1653 τὸ
773 1579 888 1672 ῥητόν.
924 1581 984 1654 ἐάν
1006 1587 1041 1654 δέ
1063 1577 1083 1654 ό
1105 1577 1215 1671 λόγος,
1238 1579 1286 1663 ώς
1307 1587 1344 1654 ἐν
1367 1601 1440 1665 τοῖς
1454 1581 1523 1672 πρὸ

214 1679 353 1754 τούτων
378 1679 644 1772 παρεστήσαμεν,
671 1677 881 1773 Ἰερουσαλήμ
907 1689 989 1772 λέγη
1016 1681 1081 1772 τήν
1103 1680 1208 1754 ποιάν
1227 1679 1349 1771 ψυχήν,
1372 1675 1457 1772 αὕτη
1480 1680 1523 1753 ἀν

212 1788 341 1852 κλαίειν
363 1788 512 1870 λέγοιτο,
535 1785 720 1854 ἐκπεσοῦσα
743 1788 804 1872 τῆς
824 1788 950 1866 οἰκείας
970 1781 1083 1871 χώρας
1105 1785 1142 1852 ἐν
1163 1779 1327 1870 Συγχόσει
1349 1787 1522 1872 γενομένη.

213 1888 268 1950 καὶ
293 1877 500 1952 κατάστασιν
522 1882 609 1970 ἐχειν
631 1886 792 1954 ἐναντίαν
814 1889 865 1972 τῷ
888 1887 991 1971 γελᾶν
1012 1887 1145 1970 γέλωτα
1168 1878 1231 1952 τὸν
1253 1876 1321 1952 ἀπὸ
1340 1887 1447 1971 χαρᾶς
1467 1891 1523 1952 καὶ

214 1976 426 2070 ἱλαρότητος,
450 1974 491 2052 ὃν
513 1975 532 2052 ό
554 1977 669 2070 κύριος
692 1977 790 2070 ήμών
811 1985 1052 2072 ἐπαγγέλλεται
1073 1977 1234 2070 ὑπάρξειν
1253 2001 1327 2062 τοῖς
1342 1979 1407 2053 τόν
1421 2009 1523 2069 μακα-

164 2095 197 2150 15
215 2075 393 2168 ριζόμενον
418 2078 596 2169 κλαυθμόν
622 2078 783 2152 κλαόσασι
810 2078 964 2168 φάσκων·
996 2077 1171 2171 »μακάριοι
1197 2084 1229 2152 οί
1251 2089 1429 2163 κλαίοντες
1451 2087 1522 2164 νῦν,

215 2172 269 2250 ότι
298 2176 526 2268 γελάσονταιι.
573 2186 630 2252 καὶ
658 2185 695 2252 ἐν
722 2187 773 2271 τῷ
799 2176 873 2264 Ἰώβ
899 2187 934 2252 δέ
964 2177 1179 2270 ιάληθινώνι
1209 2187 1290 2270 φησὶ
1319 2175 1445 2268 »στόμα
1471 2185 1522 2269 ἐμ-

214 2277 336 2368 πλήσει
356 2285 536 2366 γέλωτοςι.
573 2276 659 2368 τάχα
680 2285 716 2350 δέ
738 2279 793 2350 διὰ
813 2286 919 2352 τοῦτο
941 2289 997 2351 καί
1019 2277 1067 2363 είς
1082 2285 1157 2351 τών
1170 2275 1391 2368 πατριάρχων
1407 2285 1523 2361 Γέλως

215 2384 354 2468 λέγεται.
397 2374 416 2450 ό
445 2386 565 2450 τοίνυν
593 2374 767 2466 στενάζων
796 2379 850 2451 διὰ
879 2377 920 2451 τό
950 2382 1035 2451 εἶναι
1066 2385 1103 2451 ἐν
1130 2386 1181 2470 τῷ
1204 2375 1333 2470 σκήνει,
1365 2375 1522 2468 ώσπερό

215 2474 408 2560 ἀπόστολος
431 2476 623 2568 δεδήλωκεν
645 2479 764 2550 είπών·
790 2486 861 2550 ικαί
883 2479 946 2569 γὰρ
969 2483 1001 2550 οἱ
1023 2472 1121 2562 ὄντες
1142 2484 1180 2551 ἐν
1202 2485 1255 2568 τῷ
1277 2475 1391 2568 σκήνει
1406 2475 1523 2550 στενά·

164 2591 197 2645 20
215 2587 315 2666 ζομεν
336 2576 572 2668 βαρούμενοιι,
599 2577 664 2651 τόν
691 2583 728 2650 ἐν
752 2583 932 2671 ἐπαγγελίᾳ
958 2584 1090 2668 γέλωτα
1111 2585 1239 2650 παθών
1259 2584 1316 2650 καὶ
1336 2576 1402 2665 τήν
1423 2585 1524 2648 θείαν

214 2675 415 2766 ἱλαρότητα,
452 2677 630 2768 κλαυθμόν
664 2687 796 2750 κλαίει
830 2675 1098 2766 τροφιμώτατον
1132 2684 1187 2749 καί
1225 2673 1430 2764 ώφελοῦντα
1459 2676 1524 2768 τήν

213 2774 332 2866 ψυχήν·

612 2982 668 3049 Nr.
691 2983 743 3049 XI.
786 2981 910 3068 KlageL
924 2983 1038 3048 Jerem.
1056 2993 1080 3062 1,
1096 2990 1123 3051 2.

300 3159 450 3251 θίόμεθα
470 3167 505 3232 δὲ
528 3159 569 3234 τό
591 3169 653 3248 μὲν
675 3159 832 3252 άγαπᾶν
853 3159 1033 3252 θειότερον
1049 3161 1134 3232 εἶναι
1148 3167 1213 3244 καί,
1236 3157 1278 3242 ἵν’
1295 3154 1406 3243 οὕτως
1426 3164 1522 3235 εἴπω,

164 3281 197 3334 25
215 3259 458 3350 πνευματικόν,
487 3259 528 3331 τό
555 3267 590 3332 δὲ
617 3271 730 3349 φιλεῖν
761 3261 958 3350 σωματικόν
983 3268 1039 3337 καὶ
1066 3257 1394 3351 ἀνθρωπικώτερον.
1437 3258 1523 3350 τάχα

215 3366 259 3444 δέ,
288 3358 425 3444 οὐδενὸς
456 3359 591 3448 φαύλου
621 3357 840 3451 ἀγαπῶντος,
870 3366 1135 3452 παρατηρητέον
1166 3353 1220 3430 ότι
1249 3366 1326 3450 περὶ
1357 3366 1418 3449 μὲν
1448 3367 1523 3430 τών

213 3456 427 3547 κρειττόνων
443 3468 535 3552 φησί·
558 3457 627 3551 οάχ
648 3457 815 3551 ἀπάρχει
836 3468 1083 3551 παρακαλῶν
1105 3456 1233 3549 αὐτὴν
1255 3457 1331 3532 ἀπὸ
1353 3457 1521 3531 πάντων

215 3564 297 3630 τών
329 3556 584 3649 ἀγαπώντων
614 3556 753 3650 αὐτήν,
783 3568 860 3650 περὶ
888 3566 925 3631 δὲ
955 3567 1029 3632 τών
1055 3557 1272 3632 ἐλαττόνων·
1303 3557 1454 3642 πάντες
1484 3564 1521 3632 οί

216 3665 429 3745 φιλοῦντες
463 3655 589 3750 αὐτήν
623 3657 830 3750 ἠθέτησαν
865 3657 1005 3750 αότήν,
1042 3665 1232 3750 ἐγένοντο
1269 3655 1367 3749 αάτή
1403 3665 1458 3744 είς
1488 3664 1522 3732 ἐ-

164 3776 198 3831 30
214 3757 373 3847 χθροός.
411 3763 442 3830 οἱ
463 3765 525 3849 μὲν
547 3759 609 3850 γάρ
630 3755 866 3852 όποδεέστεροι
880 3768 937 3831 καὶ
952 3755 1125 3850 ἠθέτησαν
1140 3765 1151 3848 {l
1168 3755 1275 3849 αότήν
1290 3768 1346 3830 καί
1361 3765 1520 3850 ἐγένοντο
1542 3772 1593 3826 324

216 3853 301 3946 αότή
323 3862 453 3948 ἐχθροί·
483 3862 515 3930 οί
538 3865 573 3929 δέ
595 3867 790 3948 κρείττονες
811 3856 919 3951 μόνον
943 3855 984 3932 οὐ
1005 3855 1247 3946 παρεκάλεσαν.

300 4051 338 4105 12
363 4051 425 4121 Vgl.
444 4051 541 4107 Onom.
560 4069 638 4108 εοοτε
655 4056 675 4119 Ι,
697 4057 757 4121 114,
776 4058 821 4112 91:
848 4051 986 4127 Βαβυλὼν
1004 4052 1142 4124 σύγχυσις,
1161 4071 1186 4108 u.
1204 4059 1228 4107 ὕ.
1245 4083 1280 4093 -
1298 4053 1419 4109 11111.
1437 4055 1462 4116 6,
1480 4053 1521 4108 21.

214 4165 247 4173 -
266 4136 305 4190 16
328 4135 400 4190 Hiob
417 4137 446 4202 8,
466 4137 508 4191 21.
525 4165 559 4176 -
583 4139 619 4192 17
644 4137 708 4209 Vgl.
727 4139 795 4194 Gen.
813 4141 855 4204 21,
873 4141 890 4194 6
911 4158 938 4195 u.
956 4138 1052 4194 Onom.
1071 4155 1148 4192 sacra
1165 4139 1190 4204 1,
1208 4140 1270 4202 170,
1289 4139 1335 4193 85:
1364 4129 1460 4192 Ἰσαακ
1475 4136 1521 4208 γέ-

215 4223 276 4284 λως,
295 4237 321 4274 υ.
334 4225 358 4272 ὅ.
377 4249 410 4258 -
430 4220 465 4276 Ιθ
481 4222 507 4274 ΙΙ
519 4221 584 4278 Kor.
602 4226 625 4288 5,
645 4227 668 4278 4.
688 4255 720 4264 -
738 4224 816 4282 2411.
834 4223 898 4294 Vgl.
917 4224 946 4277 in
963 4223 1062 4278 Jerem.
1079 4223 1159 4278 Hom.
1179 4225 1219 4289 15,
1237 4223 1253 4276 3
1271 4221 1467 4290 (s.127,111.).

300 4395 317 4450 2
341 4392 438 4460 αὐτοῖς
455 4413 471 4450 ο
489 4399 494 4462 Ι
515 4397 623 4468 θτηνέ]
642 4407 675 4456 <
694 4417 710 4454 ο
729 4399 734 4467 Ι
755 4398 774 4454 4
792 4392 841 4468 ὡς]
860 4408 894 4459 <
911 4400 947 4465 οΙ
968 4400 1005 4454 11
1025 4396 1093 4468 λέγῃ
1110 4395 1173 4451 vat.
1186 4414 1225 4466 gr.
1239 4398 1348 4464 1153154
1365 4393 1440 4466 λέγει
1459 4413 1495 4452 ου

214 4477 299 4534 ποιὰν
312 4480 391 4534 Βίαεε
403 4479 478 4535 Diels
490 4481 647 4537 Koetschau
664 4483 751 4538 ποίαν
769 4499 805 4537 ου
820 4485 826 4552 1
841 4477 911 4552 αὕτη
929 4483 1008 4540 ΒΙεεε
1026 4480 1094 4550 αὕτη
1113 4499 1149 4536 eo
1165 4482 1169 4550 Ι
1186 4481 1222 4536 Ιθ
1238 4482 1288 4554 τῷ]
1307 4479 1339 4536 τὸ
1353 4481 1385 4550 01
1402 4481 1439 4536 le
1456 4477 1522 4550 ἀλη-

212 4562 296 4619 θινόν
314 4565 404 4632 α124
422 4563 461 4634 δέ]
480 4563 535 4638 γὰρ
553 4567 643 4634 ο125
660 4565 914 4640 ἀνθρωπικίτερον
932 4587 948 4624 ο
963 4571 968 4638 Ι
984 4569 1022 4624 2⁰
1040 4571 1148 4638 φαῦλον
1161 4563 1378 4638 παρατηρητέον
1389 4561 1520 4635 ἀγαπῶν-

212 4667 261 4713 τος
279 4649 368 4716 0129
387 4647 495 4719 αὐτὴνῖ]
515 4648 546 4706 ἐν
564 4649 635 4722 αὐτῇ
653 4653 742 4720 0181
763 4649 843 4722 αὐτῇ]
862 4662 895 4712 <
913 4671 929 4708 ο
945 4657 950 4721 Ι
965 4649 1002 4723 οί]
1023 4649 1056 4708 οὗ
1074 4670 1090 4709 ο
1105 4653 1110 4718 Ι
1125 4649 1155 4706 δὲ
1173 4649 1217 4703 Gh
1234 4647 1289 4722 γάρ
1308 4667 1352 4705 oo.
