3694 5542
649 491 769 548 Homilie
786 490 858 545 xlx
892 489 991 546 Jerem.
1008 491 1049 558 20,
1069 493 1143 546 1-7.
1487 497 1544 556 175

237 678 304 738 σεις
325 648 542 745 ἁμαρτωλῶν
563 671 637 738 ταῖς
657 653 745 727 κατὰ
768 652 808 726 τὸ
831 650 1026 742 εῦαχγέλιον
1044 651 1224 727 κολάσεσιν
1240 650 1466 744 δμαρτωλῷν,
1488 659 1545 724 καί

237 747 314 841 ὄφει
341 747 396 826 ότι
422 758 545 827 ἐκείνοι
570 761 632 845 μὲν
659 751 707 838 οἷς
734 752 854 845 νήπιοι
874 749 1023 842 ήκουσαν
1044 751 1223 828 κολάσεων
1245 757 1386 836 έκείνοις
1409 760 1543 842 νηπίοις

236 849 472 945 ἀρμοζουσοῦν,
503 850 595 944 ἡμεῖς
626 859 661 924 δέ
692 849 741 938 οδς
771 860 896 927 τέλειοι
920 852 984 944 τήν
1010 849 1145 942 ἡλικίαν
1172 850 1339 942 ἀκούομεν
1364 849 1542 926 κολάσεων

234 961 496 1044 χαλεπωτέρων.
547 952 664 1043 μοιχὸς
694 959 723 1026 εί
748 951 830 1026 τότε
855 959 1034 1042 γεγένηται
1059 949 1081 1042 ἡ
1107 961 1273 1043 μοιχαλίς,
1305 950 1325 1044 ἡ
1352 950 1473 1042 ἀπειλή
1501 948 1542 1024 οῦ

201 1065 217 1118 5
234 1059 362 1143 γέεννα,
385 1050 426 1124 οῦ
440 1058 508 1144 πῦρ
530 1053 682 1138 αίοόνιον,
699 1057 710 1143 ΙΙ
727 1049 827 1126 ἀλλά·
850 1061 963 1136 λίθοις
981 1050 1304 1142 λιθοβοληθήσεται·
1332 1059 1540 1138 »λιθοβολεί-
1563 1067 1612 1123 261

149 1167 218 1223 313r
234 1181 286 1224 τω
309 1149 416 1226 αύτόν
438 1159 537 1242 πᾶξσα
560 1149 581 1243 ἡ
602 1151 810 1244 συναγωγήν.
852 1158 921 1242 ίρετ
942 1149 1108 1226 ἀπελθών
1129 1147 1149 1223 6
1171 1156 1209 1225 έν
1230 1151 1370 1236 τούτοις
1392 1149 1541 1243 εῦρεθεὶς

233 1249 364 1343 μοιχός,
392 1248 413 1342 ἡ
434 1258 471 1325 έν
493 1250 631 1336 τούτοις
657 1251 832 1341 εῦρεθεῑσα
852 1260 1018 1343 μοιχαλίς·
1045 1255 1117 1323 ε’ίθε
1138 1257 1194 1322 καὶ
1216 1247 1272 1323 ἐπ’
1294 1255 1375 1342 ἐμοῦ
1397 1247 1415 1323 6
1438 1249 1541 1341 λόγος

234 1357 309 1442 έρεῑ,
333 1347 352 1423 6
369 1352 451 1436 λαὸς
473 1361 587 1436 λίθοις
608 1381 649 1442 με
667 1355 786 1439 ἔβαλλε
800 1360 855 1424 καλ
870 1351 915 1444 μή
931 1358 1159 1443 τετηρημένος
1174 1346 1263 1442 ήμην
1279 1359 1326 1435 είς
1341 1350 1382 1424 τὸ
1398 1351 1541 1424 αίοόνιον

233 1457 310 1542 πῦρ.
349 1454 501 1540 ιένοχοςι
526 1452 590 1542 γάρ
614 1457 679 1536 »είς
700 1451 767 1542 τήν
789 1457 929 1541 γέενναν
951 1458 1015 1524 τοῦ
1036 1449 1160 1540 πυρός(
1186 1447 1227 1525 οῦ
1247 1449 1358 1542 μόνον
1380 1447 1540 1540 δμοιχός,

183 1565 216 1622 10
233 1548 391 1625 ἀλλὰκαὶ
408 1548 427 1623 6
442 1551 551 1624 εἰπὼν
565 1559 617 1642 τῷ
634 1548 772 1642 ἀδελφῷ
787 1547 894 1624 αύτοῦ
912 1559 1050 1642 εμωρέι.
1079 1557 1108 1623 εί
1125 1557 1160 1623 δὲ
1175 1546 1194 1622 6
1210 1551 1319 1624 είπών
1333 1559 1384 1642 τῷ
1401 1547 1539 1641 ἀδελφῷ

233 1649 340 1724 αῦτοῦ
357 1659 497 1743 »μωρέ«,
516 1653 651 1740 »ένοχος
666 1653 759 1724 ἔσται
773 1657 820 1734 είς
834 1649 900 1742 τήν
917 1658 1059 1741 γέενναν
1073 1657 1137 1722 τοῦ
1151 1648 1290 1740 πυρόςι,
1307 1646 1326 1723 6
1340 1651 1457 1742 μοιχὸς
1472 1659 1540 1722 τίνι

233 1753 351 1841 ἔνοχος
377 1753 485 1836 ἔσται;
526 1751 641 1842 μεῖζόν
666 1778 702 1822 τι
728 1757 820 1840 ζητῶ
846 1748 1076 1842 κολαστήριον
1097 1756 1159 1840 τῆς
1179 1758 1316 1841 γεέννης
1338 1757 1403 1824 τοῦ
1423 1745 1539 1838 πυρός.

231 1860 288 1923 καὶ
318 1848 404 1940 τάχα
435 1856 562 1941 είποιμι
592 1847 635 1924 ἀν
665 1844 720 1924 ότι
746 1847 767 1940 ἡ
794 1856 911 1939 γέεννα
937 1857 1011 1922 τῷν
1033 1846 1212 1935 ἀκουσίων,
1240 1857 1313 1922 τῷν
1340 1857 1539 1940 δυναμένων

231 1957 452 2040 καθαρθῆναί
476 1956 578 2023 έστιν.
621 1949 735 2040 ὥσπερ
768 1956 803 2021 δὲ
829 1955 884 2022 έπὶ
910 1957 984 2022 τῷν
1010 1947 1168 2040 ἀγαθῶν,
1192 1957 1266 2024 τῷν
1288 1957 1439 2034 δικαίων,
1466 1955 1538 2021 »ἐπὶ

181 2064 214 2118 15
230 2056 373 2140 καρδίαν
399 2047 591 2140 ἀνθρώπου
617 2047 679 2124 οῦκ
707 2048 821 2140 ἀνέβη,
852 2046 873 2119 6
900 2044 1082 2139 ἡτοίμασεν
1108 2044 1126 2121 6
1154 2049 1236 2133 θεὸς
1262 2068 1334 2132 τοῖς
1362 2047 1537 2139 ἀγαπῶσιν

232 2146 374 2234 αῦτόνι,
403 2143 512 2234 οῦτως
545 2145 599 2240 <ά>
635 2146 795 2240 ἡτοίμασε
829 2167 903 2232 τοῖς
935 2145 1151 2241 ἁμαρτωλοῖς
1181 2157 1232 2240 τῷ
1263 2148 1454 2240 πορνεύειν,
1485 2157 1536 2239 τῷ
1647 2187 1649 2190 ·

230 2248 407 2339 μοιχεύειν,
446 2254 519 2322 »ἐπὶ
553 2257 696 2338 καρδίαν
727 2247 916 2340 ἀνθρώπου
947 2246 1009 2321 οῦκ
1039 2246 1170 2338 ἀνέβηι.
1214 2254 1244 2320 εί
1268 2247 1331 2338 γάρ
1360 2246 1461 2338 ἀνέβη
1481 2252 1536 2320 ἐπὶ

230 2349 295 2441 τήν
315 2355 457 2441 καρδίαν
472 2341 535 2440 <ῷ>
555 2351 673 2439 ἔνοχος
694 2358 824 2438 γίνεται
845 2343 864 2420 6
887 2349 995 2421 είπῷν
1017 2356 1068 2440 τῷ
1092 2345 1229 2438 ἀδελφῷ
1252 2345 1371 2420 αύτοῦ·
1397 2354 1534 2438 »μωρέ«,

230 2455 337 2540 δῆλον
359 2443 415 2521 ότι
434 2445 548 2536 μεῖζόν
570 2454 641 2520 έστι
663 2455 727 2522 τοῦ
744 2446 992 2532 ἀναβαίνοντος
1005 2453 1061 2521 ἐπὶ
1074 2456 1216 2538 καρδίαν
1232 2446 1273 2519 τὸ
1289 2444 1536 2538 ἡτοιμασμένον

178 2569 212 2625 20
230 2567 302 2632 τοῖς
317 2548 361 2620 τά
374 2558 512 2638 χείρονα
532 2544 771 2639 ἡμαρτηκόσιν.
808 2545 849 2620 ού
864 2545 1006 2638 δύναμαι
1022 2553 1058 2621 δὲ
1072 2553 1193 2637 νοῆσαι
1207 2546 1323 2638 μεῖζόν
1338 2576 1373 2619 τι
1388 2555 1535 2637 γεέννης,

229 2645 317 2721 ἀλλὰ
342 2645 453 2739 μόνον
482 2646 632 2721 πιστεύω
659 2641 714 2719 ότι
738 2644 853 2736 μεῖζόν
878 2677 912 2718 τι
939 2651 1009 2719 ἔστι
1035 2655 1186 2736 γεέννης,
1217 2646 1258 2719 τὸ
1286 2643 1535 2736 ἡτοιμασμένον

229 2768 301 2831 τοῖς
322 2747 544 2838 μοιχεύουσιν.

313 2841 432 2930 Οῦτως
454 2849 591 2937 ἔρχομαι
611 2853 668 2919 καί
689 2851 745 2918 ἐπὶ
765 2845 828 2928 τάς
848 2845 971 2928 λοιπάς
985 2847 1047 2930 τὰς
1061 2846 1150 2918 κατὰ
1166 2846 1229 2918 τὸν
1244 2843 1352 2936 νόμον
1366 2843 1532 2932 κολάσεις,

226 2957 283 3018 καὶ
304 2944 466 3036 λαμβάνω
489 2953 580 3033 λέξιν
603 2944 836 3035 ἀποστολικὴν
857 2943 1066 3037 συνῷδουσαν
1086 2943 1223 3028 τούτοις
1242 2952 1297 3016 καὶ
1312 2943 1533 3035 σιωπήσασάν

176 3072 209 3127 25
226 3074 291 3135 μου
312 3046 377 3136 τήν
399 3045 539 3119 κόλασιν
557 3045 617 3118 έάν
631 3041 782 3136 άμάρτω,
804 3043 918 3134 ἐπειδή
935 3041 976 3117 οῦ
990 3051 1085 3116 θέλω
1102 3044 1142 3117 τὸ
1168 3041 1362 3134 »ήπάτησάς
1376 3073 1417 3134 με
1429 3044 1532 3135 κύριε,

226 3155 282 3217 καὶ
312 3141 516 3236 ήπατήθηνι
549 3143 823 3237 παραδεξάμενος
854 3143 1072 3236 ἀπατηθῆναι
1101 3150 1224 3228 καλῶς.
1275 3152 1310 3216 τί
1336 3150 1372 3214 δὲ
1398 3153 1485 3233 λέγει
1512 3139 1532 3216 6

227 3243 435 3330 ἀπόστολος;
473 3243 662 3335 »ἀθετήσας
688 3275 739 3328 τις
766 3243 874 3335 νόμον
890 3253 1042 3327 Μωσέως
1062 3251 1166 3333 χωρίς
1188 3250 1374 3334 οίκτιρμῷν
1387 3246 1443 3314 έπί
1458 3250 1531 3314 δυσί

141 3371 208 3426 313v
226 3353 280 3416 καί
303 3350 400 3436 τριλσί
421 3343 586 3436 μάρτυσιν
607 3341 832 3433 ἀποθνήσκει·
854 3341 951 3434 πόσῳ
975 3350 1105 3416 δοκεῖτε
1126 3352 1282 3432 χείρονος
1304 3341 1532 3444 ἀξιωθήσεται

226 3454 388 3534 τιμωρίας
410 3440 429 3516 6
452 3445 516 3518 τὸν
541 3445 617 3518 νίόν
638 3452 702 3518 τοῦ
724 3451 808 3516 θεοῦ
828 3441 1106 3533 καταπατήσας«,·
1142 3437 1328 3532 όνύμασον,
1356 3445 1384 3514 ὠ
1408 3449 1530 3528 Παῦλε,

175 3567 209 3621 30
226 3544 291 3634 τήν
312 3553 489 3634 τιμωρίαν·
513 3547 611 3618 είπον
631 3541 748 3634 αῦτήν.
791 3540 866 3616 ἀλλ’
889 3541 930 3617 οῦ
952 3552 1040 3633 λέγω
1063 3539 1184 3632 αῦτήν,
1208 3549 1303 3630 φησί·
1324 3538 1439 3633 μεῖζόν
1460 3547 1531 3614 ἐστι

226 3651 299 3740 τῷν
326 3651 519 3734 λεγομένων
545 3644 586 3717 τό
612 3649 674 3734 τῆς
694 3641 869 3727 κολάσεως
890 3650 964 3714 τῷν
986 3647 1023 3715 έν
1045 3639 1226 3732 εῦαχγελίῳ
1249 3636 1529 3732 ἁμαρτανόντων,

225 3754 340 3834 μεῖζον
362 3750 435 3816 τῶν
457 3740 687 3832 ἀκουομένων,
709 3754 823 3833 μεῖζον
845 3750 919 3815 τῶν
937 3748 1145 3831 νοουμένων.
1185 3741 1239 3814 διά
1260 3748 1367 3814 τοῦτο
1390 3738 1529 3831 εἰσήχθη

226 3839 275 3926 ῷς
300 3849 439 3916 παιδίον
461 3837 480 3914 6
504 3841 700 3934 προφήτης,
730 3838 874 3926 ἀκούσας
900 3849 955 3914 καὶ
984 3849 1148 3930 φοβηθεὶς
1174 3847 1229 3914 καί
1256 3847 1450 3924 παιδευθείς
1475 3847 1530 3912 καί

224 3943 309 4032 μετά
330 3949 437 4016 τοῦτο
460 3948 657 4026 τελειωθεὶς
678 3949 801 4032 λέγων·
831 3939 1023 4033 »ἡπάτησάς
1044 3971 1084 4031 με
1105 3939 1211 4030 κύριε,
1238 3947 1294 4014 καί
1315 3937 1531 4031 ήπατήθηνι.

174 4063 207 4118 35
224 4049 280 4114 καὶ
302 4042 342 4114 σύ
363 4035 446 4115 ὅσον
468 4043 499 4114 εί
516 4050 664 4128 παιδίον,
687 4039 861 4131 φοβήθητι
880 4042 941 4126 τὰς
956 4039 1106 4126 ἀπειλάς,
1128 4044 1184 4112 ίνα
1197 4039 1242 4131 μή
1257 4037 1373 4128 πάθης
1388 4039 1431 4111 τά
1445 4036 1530 4130 ῦπὲρ

309 4189 328 4244 8
351 4187 414 4260 Vgl.
432 4188 501 4259 Eph.
520 4191 544 4252 4,
563 4191 603 4245 13.
626 4217 658 4229 -
682 4189 701 4243 4
724 4186 788 4258 ng
809 4187 1069 4252 Βευ122,242-
1091 4189 1107 4242 5
1126 4187 1188 4242 Lev.
1207 4188 1308 4251 24,1ι1
1331 4215 1364 4224 -
1387 4185 1528 4256 ⁹11.ng

223 4271 323 4413 ᾕείέλέ.
341 4275 430 4412 ἓό22.
457 4304 490 4313 -
518 4273 568 4332 14.
592 4274 629 4330 17
662 4274 757 4329 IKor.
774 4273 803 4339 2,
820 4275 844 4330 9.
870 4302 904 4312 -
937 4271 971 4328 18
998 4270 1061 4340 ng
1084 4271 1183 4326 Matth.
1201 4273 1231 4331 5,
1249 4271 1290 4327 22.
1320 4301 1353 4311 -
1380 4271 1417 4327 27
1447 4270 1529 4326 Hebr.

307 4477 413 4555 ⁸395]
432 4481 560 4558 δομοζεῗ
577 4483 655 4539 ΒῙεεε
675 4485 680 4552 Ι
698 4481 887 4554 τετηρημένος
904 4482 974 4538 veo
990 4478 1171 4556 τετιρημένος
1191 4480 1209 4534 S
1229 4483 1233 4550 Ι
1255 4481 1292 4537 16
1311 4473 1329 4534 6
1347 4480 1388 4535 Ru
1404 4481 1409 4547 Ι
1424 4484 1529 4552 upum

223 4567 267 4706 ἓξ
280 4564 415 4718 ἑίἒσέίωέ
422 4567 521 4707 787019]
535 4577 566 4633 ·Ι·
577 4569 678 4637 μόδιςῗ
696 4567 775 4622 ΒῙυεε
790 4570 794 4636 Ι
812 4569 846 4623 10
863 4566 1083 4637 ἡτοιμασμένον]
1103 4565 1159 4636 vgl.
1177 4565 1204 4620 Z.
1216 4567 1248 4620 21
1268 4561 1469 4644 ἡμαρτημένον
1487 4563 1504 4618 S
1524 4566 1527 4632 ἰ
