3658 5566
337 459 398 522 272
734 455 872 526 Origenes’
892 453 1249 526 magelioderkommentar.

337 618 374 684 έν
397 619 447 704 τῷ
467 609 573 706 Ἀμώς
595 615 675 699 τοῦς
690 612 910 708 ἡγιασμένους
924 623 1102 706 ἐξέδωκαν.
1126 625 1370 706 Ναζιραίους
1391 614 1553 701 εἰπόντες.
1588 623 1646 706 μέ-

336 740 461 802 μνηται
476 714 684 788 τούτωνκαὶ
699 723 839 806 Μωσῆς·
858 713 978 800 άπσλος
1000 709 1043 807 ιΙν
1057 725 1112 789 καὶ
1127 716 1293 807 Σαμψών.
1322 710 1408 805 ἦσαν
1426 722 1463 788 δὲ
1480 724 1537 787 καὶ
1551 715 1647 804 παρὰ

336 807 506 897 Ἰουδαίοις
521 819 533 904 ΙΙ
549 819 729 904 ίπιφανεῑς.
761 817 813 889 διό
830 816 870 889 τό
885 825 946 906 μὲν
960 819 1143 906 καθαρόν
1165 814 1282 890 αῦτῶν
1297 812 1503 906 άντεξήτασε
1521 813 1645 905 χιόνι,
1669 832 1722 886 341

337 911 377 983 τό
409 919 446 984 δὲ
476 914 659 1003 λαμπρόν
690 914 875 1004 γάλακτι·
905 917 1172 1007 ἐπωρώθησαν
1203 923 1238 988 δὲ
1268 923 1310 1004 τῇ
1341 913 1477 1006 άσκὴσει
1508 922 1645 1006 δοκιμα-

301 1019 477 1098 σσδέντες
509 1005 560 1085 σόν
589 1019 840 1105 ἐπηγγέλλοντο
872 1024 923 1107 τῷ
954 1025 1042 1106 θεῷ,
1065 1018 1097 1089 οί
1122 1021 1274 1088 ἐκλεκτοί
1297 1021 1332 1089 δὲ
1354 1012 1471 1087 αὐτῶν
1492 1008 1523 1102 Ιῦ
1545 1021 1648 1104 δηλοι

336 1110 381 1182 τό
417 1109 678 1204 άπόσπασμα)
714 1124 891 1188 πολιτείαν
921 1112 1083 1204 ούράνισν
1113 1119 1261 1204 ἔχουσιν·
1299 1121 1462 1187 τοιοῦτον
1491 1113 1553 1204 γάρ
1582 1119 1646 1204 τῆς

335 1217 541 1300 σαπφίρου
567 1212 608 1285 τό
634 1221 759 1304 χρῶμα.
802 1217 867 1304 ἔχει
893 1221 929 1287 δὲ
955 1223 1010 1286 καὶ
1029 1213 1247 1304 χρυσιζούσας
1270 1222 1409 1303 φλέβας,
1431 1213 1485 1298 αίς
1507 1213 1546 1303 δὴ
1570 1213 1645 1302 τὴν

337 1311 417 1394 έξιν
449 1308 565 1383 αὐτῶν
591 1307 610 1384 ό
633 1312 813 1404 Σύμμαχος
840 1312 1024 1402 ἀπεικάζει.
1053 1313 1094 1386 τό
1122 1311 1338 1402 ἀδιάφθορον
1360 1317 1503 1403 ἔχουσαν
1523 1320 1578 1384 καὶ
1601 1311 1644 1383 τὸ

335 1407 502 1499 διάπυρον
523 1411 611 1483 κατὰ
632 1419 834 1498 θεοσέβειαν.
1506 1411 1520 1430 ’

284 1661 316 1714 10
721 1651 778 1718 Nr.
802 1651 882 1718 CIII.
924 1651 1047 1738 Klagel.
1060 1653 1175 1718 Jerem.
1190 1661 1216 1730 4,
1232 1656 1259 1719 8.

421 1818 485 1902 Τῆς
511 1820 739 1903 πνευματικῆς
765 1819 925 1900 ἐξέπεσαν
950 1811 1149 1903 έλλάμφεως
1174 1821 1229 1885 καὶ
1256 1821 1344 1904 λιμῷ
1373 1819 1424 1903 τῷ
1450 1819 1565 1903 νοητῷ
1593 1817 1643 1882 δι-

336 1907 514 2000 ετάκησαν.
538 1909 586 1995 ιῦς
603 1917 749 1986 ἐοικέναι
771 1911 907 2000 ξύλοις
929 1925 1077 2004 ξηροῖς,
1100 1933 1173 1996 τοις
1191 1914 1235 2002 μὴ
1257 1919 1533 2002 »πεφυτευμένοις
1548 1913 1644 2000 παρὰ

333 2029 406 2092 ταῖς
429 2009 591 2096 διεξόδοις
612 2019 686 2084 τῶν
706 2009 868 2084 ῦδάτων·
898 2007 1013 2084 όποιοι
1040 2019 1102 2084 νῦν
1129 2015 1160 2083 σί
1181 2009 1260 2102 παρ’
1283 2009 1400 2094 αὐτοῖς
1424 2015 1522 2100 ἱερεῖς
1542 2019 1643 2102 μηδε-

332 2117 412 2197 μίαν
442 2111 578 2197 ἔχοντες
612 2109 796 2200 εύτροφίαν
826 2110 1066 2201 πνευματικήν.
1108 2119 1163 2184 καὶ
1192 2111 1280 2184 κατά
1311 2111 1352 2184 τὸ
1379 2109 1485 2202 ῥητὸν
1511 2115 1556 2194 δέ,
1583 2106 1642 2180 ὑπ’

282 2228 314 2280 15
332 2207 490 2298 αἰσχύνης
526 2207 630 2298 άκρας
666 2209 708 2280 τά
737 2208 906 2300 πρόσωπα
941 2207 1058 2284 αύτῶν
1088 2215 1294 2299 ἐμελαίνετο,
1332 2205 1388 2282 ὅτι
1419 2227 1491 2294 τοις
1521 2208 1643 2291 ἄλλοις

332 2303 457 2396 ὁμοίως
485 2304 739 2399 ἁμαρτάνοντες
765 2307 952 2400 άπήγοντο·
988 2316 1059 2384 ἐπεὶ
1085 2318 1141 2382 καὶ
1166 2317 1228 2382 νῦν
1249 2315 1304 2382 ἐπὶ
1327 2316 1400 2382 τῶν
1421 2333 1643 2396 καταισχύνο-

331 2414 445 2495 μένων
466 2406 487 2498 ἦ
511 2407 674 2499 συνήθεια
696 2417 749 2500 τῷ
770 2405 915 2501 όνόματι
936 2418 1104 2500 κέχρηται.

718 2647 749 2714 Ν
752 2673 774 2714 r.
797 2649 876 2715 CIV.
918 2649 1041 2732 Klagel.
1056 2649 1170 2714 Jerem.
1185 2655 1213 2726 4,
1228 2654 1255 2714 9.

416 2817 560 2900 Πολέμῳ
588 2810 650 2897 γάρ
677 2827 834 2898 κρεῖττον
860 2807 1037 2900 συντόμως
1065 2815 1227 2880 τελευτᾶν
1255 2805 1275 2898 ίΙ
1302 2815 1404 2898 λιμῷ
1426 2814 1641 2896 δαμασθῆναι

279 2926 313 2981 20
333 2905 374 2980 δι’
394 2907 540 2996 άπορίαν
571 2917 643 2980 τῶν
670 2915 706 2980 ἐν
735 2907 843 2998 άγρῷ
875 2907 1147 2999 γεννημάτων.
1190 2913 1296 2992 εἴποις
1318 2903 1350 2982 δ’
1373 2907 1416 2980 ἂν
1437 2910 1642 2997 ῥομφαίαν

331 3011 415 3079 είναι
436 3015 491 3081 καί
513 3006 710 3098 μάχαιραν
733 3005 921 3099 τὸνλόγον
942 3015 1006 3080 τοῦ
1026 3015 1124 3080 θεοῦ·
1153 3015 1235 3098 φησὶ
1256 3007 1319 3097 γάρ
1343 3003 1361 3079 ό
1384 3013 1532 3089 Παῦλος·
1564 3013 1639 3078 »καὶ

331 3107 395 3196 τὴν
425 3104 591 3199 μάχαιραν
622 3115 685 3182 τοῦ
714 3107 919 3199 πνεύματος,
943 3105 961 3180 ό
985 3113 1055 3180 ἔστι
1077 3111 1165 3199 ῥῆμα
1191 3114 1303 3187 θεοῦτ,
1333 3102 1392 3194 ὕφ’
1415 3098 1465 3192 οὗ,
1493 3113 1596 3197 φησίν
1615 3103 1638 3194 ἡ

330 3207 458 3298 νύμφη,
491 3215 703 3299 »τετρωμίνη
727 3205 857 3298 άγάπης
879 3215 941 3299 εἰμί
964 3206 1060 3297 ίγαότ.
1105 3215 1189 3297 λέγει
1212 3211 1323 3279 δὲκαὶ
1346 3201 1365 3278 ό
1389 3213 1502 3292 Δαβίδ·
1528 3213 1638 3294 »περί-

331 3318 435 3392 ζωσαι
464 3308 528 3396 τὴν
556 3309 727 3396 ῥομφαίαν
755 3331 816 3378 σου
837 3313 891 3378 ἐπὶ
913 3307 977 3380 τόν
998 3304 1107 3398 μηρόν
1129 3332 1199 3383 σου,
1222 3312 1353 3390 δυνατέ,
1384 3313 1427 3394 τῇ
1450 3302 1639 3394 αόραιότητί

278 3421 311 3476 25
329 3430 391 3478 σου
412 3413 469 3477 καὶ
491 3415 543 3498 τῷ
565 3405 680 3480 κάλλει
702 3430 794 3478 σουτ.
836 3404 903 3478 ύπό
926 3405 1086 3496 τοιαύτης
1112 3412 1301 3496 πληγέντας
1324 3409 1493 3495 ῥομφαίας
1514 3403 1639 3476 καλὸν

328 3503 395 3576 ῦπό
418 3507 499 3588 τοὺς
516 3503 623 3588 πόδας
638 3523 753 3576 πεσεῖν
766 3502 869 3596 Ἰησοῦ
884 3506 972 3579 κατά
987 3507 1027 3578 τό
1050 3515 1143 3578 »λαοὶ
1165 3503 1330 3579 ῦποκάτω
1347 3530 1409 3578 σου
1422 3511 1636 3576 πεσοῦνταιτ.
1661 3573 1663 3575 ,

328 3605 392 3693 τιΙν
418 3601 525 3676 αύτοῦ
547 3601 823 3695 ὁμολογήσαντας
844 3614 1023 3690 βασιλείαν,
1051 3602 1125 3678 ἀλλ’
1149 3603 1210 3694 ούχ
1233 3601 1362 3678 άλῶναι
1384 3611 1472 3694 λιμῷ
1494 3611 1636 3694 ψυχικῷ.

328 3713 504 3794 γέννημα
526 3705 587 3794 γάρ
607 3705 720 3795 χώρας
744 3699 762 3776 ό
783 3703 937 3792 Χριστός,
960 3701 979 3777 ό
1002 3711 1040 3776 ἐν
1055 3712 1213 3794 Βηθλεὲμ
1229 3713 1412 3796 γεννηθείς,
1436 3699 1520 3792 όπερ
1536 3707 1636 3786 Οίκος

327 3803 435 3891 άρτου
463 3814 671 3894 σημαίνεται,
700 3796 805 3893 οὗπερ
832 3805 985 3892 ἄγευστοι
1013 3801 1191 3894 γεγονότες
1218 3801 1368 3877 Ἰουδαῖοι
1395 3807 1440 3888 εἰς
1462 3803 1636 3894 δαιμόνων

413 4013 430 4066 ‘2
451 4010 514 4081 Vgl.
533 4011 612 4065 Num.
631 4013 655 4066 6.
674 4040 705 4050 —
725 4010 787 4082 vgl.
806 4011 867 4066 Jud.
887 4011 927 4078 12,
946 4013 969 4066 5.
988 4041 1021 4050 -
1041 4010 1077 4066 12
1098 4009 1160 4080 vgl.
1180 4010 1252 4064 Psal.
1272 4013 1295 4076 1,
1313 4013 1337 4066 3.
1355 4039 1388 4050 -
1407 4010 1445 4066 21
1464 4007 1533 4080 Eph.
1551 4009 1575 4075 6,
1593 4012 1634 4064 17.

325 4125 358 4134 -
378 4095 417 4151 28
440 4096 538 4150 Hohel.
559 4097 582 4160 2,
601 4099 625 4150 5.
643 4125 675 4134 -
695 4095 766 4149 Psal.
784 4098 826 4162 44,
844 4099 868 4150 4.
886 4125 919 4134 -
938 4095 975 4150 26
996 4093 1067 4152 Psal.
1085 4099 1126 4161 44,
1144 4098 1169 4152 6.
1191 4125 1224 4134 -
1247 4095 1338 4163 28Ι29
1361 4093 1423 4164 vgl.
1442 4092 1538 4148 Onom.
1558 4109 1636 4146 sacra

326 4181 345 4244 1,
365 4180 422 4244 182,
440 4181 485 4236 93:
504 4178 635 4248 Βηθλεὲμ
655 4172 734 4244 οἶκος
751 4173 847 4252 άρτου,
865 4197 890 4233 u.
904 4185 928 4234 ὅ.

411 4366 427 4421 l
447 4365 522 4436 τοὺς]
532 4375 590 4426 <τ
603 4367 608 4434 Ι
624 4365 642 4420 2
656 4367 725 4435 καίἸ
738 4375 800 4426 <ο
815 4368 819 4433 Ι
834 4365 851 4420 δ
868 4374 1021 4422 τοιοῦτοιο
1036 4366 1041 4434 Ι
1060 4367 1073 4421 7
1089 4367 1234 4436 σαπφίρου
1246 4370 1273 4419 οι
1286 4367 1446 4437 σααφείροι·
1459 4363 1512 4417 α*ο
1528 4365 1532 4430 Ι
1547 4360 1633 4418 θυιά-

326 4469 418 4522 φορον
439 4452 531 4516 0113
548 4449 600 4516 τὰς
616 4450 757 4516 διεξόδους
774 4469 790 4506 o
810 4454 814 4519 Ι
835 4448 902 4506 ὁποι
919 4459 969 4506 νῦν
986 4469 1003 4507 ο
1023 4451 1027 4517 Ι
1044 4449 1096 4507 ab?
1118 4467 1154 4506 co
1174 4453 1178 4518 Ι
1199 4451 1236 4508 15
1256 4447 1419 4519 ἐμελαίνετο
1439 4453 1464 4502 τι
1484 4443 1633 4516 έμελένετο

325 4535 379 4590 ο*ο
399 4535 403 4604 Ι
424 4535 464 4591 20
482 4534 666 4604 γεννημάτων
684 4535 729 4590 Gh
746 4535 914 4606 γενημάτονν
936 4536 988 4591 οΙο
1012 4538 1016 4604 Ι
1040 4536 1130 4606 24Ιῆ
1148 4537 1299 4605 τῇ-σουίΙ
1318 4545 1350 4593 <
1369 4553 1385 4590 0
1405 4537 1410 4604 Ι
1430 4533 1466 4588 2⁷
1487 4533 1634 4604 βασιλείαν

327 4617 560 4689 ὁμολογήσαντας
579 4637 594 4674 o
610 4623 614 4687 Ι
631 4617 681 4690 οὐχ
695 4619 758 4676 vat.
771 4637 810 4690 gr.
825 4623 932 4688 1153Ι54
951 4619 1003 4676 οὐκ
1020 4635 1056 4674 co
1072 4623 1076 4689 Ι
1093 4620 1128 4676 28
1146 4619 1280 4691 γέζνημα
1298 4636 1314 4674 υ
1330 4617 1439 4690 γίνημα
1458 4635 1474 4672 0
1490 4619 1494 4685 Ι
1510 4613 1634 4685 ό1Ι<ο.
