3694 5542
393 455 512 513 Homilie
529 457 627 514 XVIII.
663 457 929 524 Ierem.18,1-16.
957 455 1077 511 Homilie
1093 453 1165 508 XIX.
1192 453 1442 520 Jerem.20,1-7.
1504 461 1563 522 165

262 625 456 708 ἐρχομένων
478 615 574 710 δφθη
597 670 1562 692 ..................................

227 1298 353 1386 σ<Είς
391 1292 438 1368 τὸ
477 1293 573 1368 »καὶ
611 1295 769 1387 ἢκουσε
802 1291 997 1389 Πασχώρ
1033 1290 1126 1376 υίὸς
1156 1287 1316 1388 Ἐμμὴρ
1352 1287 1371 1364 δ
1404 1286 1559 1388 ἱερεύς(

335 1428 461 1526 μέχρι
488 1435 566 1502 τοῦ
591 1423 836 1523 »ἠπάτησάς
860 1457 928 1526 με,
956 1425 1093 1526 κύριε,
1121 1425 1195 1501 καί
1219 1421 1487 1520 ἠπατήθηνι.

788 1629 935 1718 Ὀμιλία
962 1625 1044 1722 ιδ’.)

296 1940 302 1951 .
398 1938 1042 1956 .......................
1070 1891 1133 1956 τσῦ
1161 1891 1223 1957 νοῦ
1245 1889 1306 1974 τῆς
1327 1890 1459 1976 γραφῆς
1481 1876 1564 1976 ὅπερ

212 1990 244 2044 10
262 1937 447 2071 ἐπιγίνεται
469 1977 641 2073 ὀφθαλμῷ
663 1991 835 2074 χωροῦντι
856 1985 921 2077 τὴν
941 1983 1125 2076 σαφήνειαν
1142 1990 1216 2056 τῶν
1231 1989 1333 2072 ἱεροῦν
1349 1979 1562 2110 γραμμάτων.

262 2077 371 2201 τρῦτά
392 2109 450 2170 μοι
471 2086 509 2153 ἐν
530 2091 745 2174 προοιμίῳ
722 2089 864 2174 είρηται,
892 2091 1088 2212 διεγείροντι
1110 2113 1164 2156 και
1153 2089 1192 2175 Ι)
1208 2088 1372 2172 ἐγείροντι
1392 2089 1447 2154 καὶ
1466 2085 1562 2172 ἐμαυ·
1585 2094 1636 2147 253

176 2197 245 2252 306r
262 2179 326 2252 τὸν
346 2187 401 2251 καὶ
423 2182 505 2264 τούς
527 2177 718 2266 άκούοντας
743 2189 799 2256 ἐπί
825 2183 865 2256 τὸ
892 2190 1068 2275 προσέχειν
1095 2201 1167 2267 τοῖς
1193 2182 1467 2271 άναγνωσθεῑσιν,
1491 2193 1496 2267 Ι
1520 2177 1562 2254 ί”ν

262 2277 453 2402 αἰτήσομεν
478 2287 593 2354 ἐλθεῖν
614 2277 739 2372 Ἰησοῦν
760 2290 815 2356 καί
837 2290 1044 2376 ἐπιφανῆναι
1066 2279 1145 2374 ἡμῖν
1170 2290 1225 2353 καὶ
1247 2279 1415 2357 διδάσκειν
1437 2283 1480 2355 τά
1501 2291 1563 2356 νῦν

261 2377 347 2470 ημᾶς
368 2380 411 2452 τά
434 2385 584 2454 ἐνταῦθα
607 2389 824 2474 γεγραμμένα.

214 2499 243 2552 15
344 2487 416 2567 (18)
434 2493 513 2554 11.»
501 2480 773 2575 »Προεφήτευσεν
793 2480 955 2576 Ιερεμίας
977 2481 1075 2556 μαλ’Ι
1054 2508 1176 2574 ηκουσε
1191 2487 1336 2574 Πασχσδρ
1357 2482 1429 2567 υίὸς
1442 2481 1564 2576 Ἑμμὴρ

262 2575 409 2671 δίερεύς
435 2587 510 2652 τῶν
532 2581 647 2672 λόγων
667 2590 730 2674 τῆς
751 2592 969 2674 προφητείας.
1013 2592 1067 2656 καί
1091 2582 1269 2657 τοσούτων
1290 2583 1377 2655 κατὰ
1401 2614 1442 2654 το
1429 2581 1563 2668 εἰκός,

262 2705 345 2753 οσον
375 2685 430 2754 ἐπὶ
460 2689 544 2771 φιλῇ
574 2689 617 2772 τῇ
647 2679 836 2776 άκολσυθίᾳ
863 2691 923 2775 τῆς
945 2692 1163 2775 προφητείας,
1187 2678 1390 2774 άκηκοάτων
1411 2679 1565 2772 Ἱερεμίου

262 2777 303 2852 ού
329 2787 458 2869 ταχέως
485 2776 737 2872 άναγέγραπται
764 2781 868 2866 άλλος
889 2779 1035 2866 άκούσας
1057 2790 1085 2855 εἰ
1106 2783 1150 2873 μι)
1173 2781 1328 2874 Πασχσὸρ.
1370 2787 1508 2874 ἐμέλησε
1531 2788 1566 2853 δέ

263 2887 305 2968 τῇ
330 2887 444 2969 γραφῇ
470 2886 577 2952 είπείν
603 2891 659 2953 καὶ
680 2890 775 2966 τίνος
801 2881 872 2965 υίὸς
894 2875 946 2972 ἦν,
970 2877 1024 2956 ὅτι
1042 2877 1174 2973 Ἑμμήρ,
1195 2889 1251 2952 καὶ
1273 2877 1328 2956 ὅτι
1350 2879 1566 2973 ἐχρημάτιζεν

210 2997 244 3051 20
261 2976 375 3067 ἱερεύς,
397 2987 453 3050 καί
474 2986 579 3053 ποίαν
601 2979 698 3068 τάξιν
720 2984 807 3072 εἶχεν
828 2988 866 3054 ἐν
888 2991 939 3074 τῷ
962 2991 1047 3074 λαῷ,
1064 2977 1119 3056 ὁτι
1134 2975 1177 3074 ἦν
1196 2989 1449 3072 καθεσταμένος
1467 2977 1566 3072 ἦγού-
1680 2979 1682 2986 ’

260 3106 361 3167 μενος
388 3083 485 3151 οίκσυ
505 3089 624 3170 κυρίου
649 3081 737 3153 κατὰ
763 3081 826 3154 τὸν
847 3082 975 3173 χρόνον
996 3079 1150 3173 Ἱερεμίου
1176 3081 1459 3173 προφητεύοντος
1485 3081 1566 3162 τοὺς

262 3173 384 3267 λόγους
416 3177 571 3262 τούτους.
617 3188 672 3252 καὶ
704 3176 953 3274 άναγέγραπται
989 3176 1044 3255 ὅτι
1079 3177 1224 3264 άκούσας
1252 3189 1324 3254 τῶν
1352 3180 1467 3271 λόγων
1504 3185 1566 3271 τῆς

260 3285 470 3368 προφητείας
492 3278 618 3370 ταύτης
639 3282 785 3372 Πασχώρ
811 3282 957 3370 ἐπάταξε
978 3281 1042 3354 τὸν
1060 3279 1230 3374 Ἱερεμίαν,
1250 3290 1306 3354 καὶ
1328 3277 1390 3356 ούκ
1416 3277 1564 3373 ἠρκέσθη

349 3449 365 3504 1
385 3445 472 3519 δφθη)
490 3452 563 3505 nach
581 3453 676 3519 8150,
694 3453 976 3520 191α.8.162,2411.
996 3469 1054 3506 τιατ
1075 3469 1133 3507 nun
1154 3453 1226 3508 noch
1244 3469 1277 3506 zu
1294 3452 1450 3506 behandeln
1467 3452 1564 3506 Jerem.

263 3533 302 3596 18,
321 3537 362 3590 15.
381 3535 425 3590 16:
449 3536 498 3588 καὶ
515 3531 721 3606 σἰσθενήσσυσιν
739 3534 769 3594 ἐν
786 3545 848 3604 ταῖς
866 3533 942 3604 ὁδοῖς
960 3534 1052 3593 αίιτῖσν
1071 3539 1201 3608 σχοίνους
1218 3533 1350 3603 αἰωνίους
1366 3544 1418 3592 τοῦ
1435 3534 1566 3609 ἐπιβῆναι

261 3618 375 3689 τρίβους
401 3614 454 3673 οὐκ
479 3612 598 3690 ἔχοντας
624 3618 691 3676 ὁδὸν
709 3619 750 3686 είς
771 3624 899 3694 πορείαν,
921 3630 973 3678 τσῦ
994 3621 1078 3689 τάξαι
1094 3623 1145 3690 τὴν
1163 3627 1215 3692 γῆν
1234 3620 1327 3676 αὐτῶν
1345 3619 1385 3687 είς
1403 3619 1565 3691 ἀφανισμὸν

261 3704 310 3757 καὶ
328 3701 465 3775 συριγμὸν
483 3706 526 3773 (-)-
539 3700 696 3772 αίύινισνί).
731 3707 837 3762 Damus
855 3707 962 3778 ergiobt
980 3708 1045 3776 sich,
1064 3707 1126 3762 dass
1144 3707 1193 3760 das
1204 3706 1353 3777 Fragment
1369 3707 1403 3761 82
1421 3705 1450 3760 in
1468 3705 1488 3759 G
1505 3705 1566 3759 hier

262 3785 335 3842 seine
358 3787 443 3842 Sbelle
465 3789 524 3842 hat:
557 3783 592 3844 ‘H
608 3797 721 3860 σχοῖνος
744 3787 811 3847 ὁδοῦ
827 3791 935 3864 μέτρον
953 3788 1012 3848 ἐστί
1029 3787 1096 3862 παρ’
1113 3789 1278 3861 Αἰγυπτίοις
1294 3792 1343 3846 καί
1360 3787 1492 3860 Πέρσαις.
1527 3784 1565 3845 εἴ·

263 3889 345 3940 ρηται
370 3871 420 3928 καί
445 3868 475 3927 ἐν
506 3875 647 3942 Ψαλμοῖς·
679 3877 743 3944 »τὴν
769 3879 867 3950 τρίβον
890 3896 947 3946 μου
973 3877 1021 3932 καί
1042 3879 1093 3945 τὴν
1116 3875 1231 3948 σχοῖνόν
1257 3893 1314 3944 μου
1340 3874 1373 3930 σὺ
1390 3870 1562 3944 έξιχνίασας«

262 3954 461 4024 (Ρεαί.188,3).
495 3963 553 4012 τῶν
570 3956 600 4014 δὲ
618 3961 739 4029 σχοίνων
761 3960 821 4016 νὸει
838 3960 889 4027 τὰς
907 3959 959 4030 μέν
978 3959 1117 4025 αίωνίσυς,
1133 3957 1185 4026 τὰς
1202 3959 1232 4015 δέ
1249 3960 1447 4031 προσκαίρους.
1483 3954 1564 4026 ὁμὲν

262 4035 317 4112 γὰρ
339 4037 476 4110 κσσμικδς
493 4041 670 4116 πρόσκαιρον
689 4051 804 4115 σχοῖνον
823 4040 913 4103 ὁδεύει
929 4045 996 4118 περί
1012 4044 1130 4116 δοξάρια
1147 4046 1196 4100 καί
1213 4041 1352 4110 πλούτους
1369 4047 1417 4100 καί
1434 4041 1469 4099 τὰ
1487 4041 1565 4100 κάτω

262 4121 425 4196 πράγματα.
461 4120 477 4181 δ
503 4125 534 4182 δέ
558 4125 662 4183 ὁδεύων
684 4127 735 4184 τὸν
757 4127 887 4187 είκὸντα·
916 4128 988 4202 »ἐγώ
1007 4127 1065 4199 είμι
1081 4127 1098 4198 η
1117 4125 1195 4195 ὁδὸςι
1216 4129 1287 4198 (Joh.
1301 4134 1340 4196 14,
1354 4130 1392 4197 6),
1421 4129 1566 4200 »σχοίνους

263 4205 408 4276 αἰωνίουςι
428 4212 713 4282 (vgl.Jerem.18,15)
741 4211 838 4282 ὁδεύει,
861 4219 909 4272 καί
927 4211 1002 4274 ἐστιν
1020 4211 1136 4281 αἰώνιος
1152 4218 1190 4284 μι)
1210 4221 1325 4270 σκοπῶν
1342 4211 1376 4270 τά
1395 4211 1564 4284 πρόσκαιρα,

262 4289 334 4350 ἀλλὰ
350 4292 386 4348 τὰ
405 4290 508 4352 αἰώνια
526 4297 592 4366 (ng.
610 4297 636 4350 II
649 4301 750 4365 Κοικ4,
767 4302 817 4369 18).
854 4299 945 4358 ὁδεύει
966 4300 1008 4368 δέ,
1031 4297 1085 4366 ἕως
1107 4291 1141 4356 οὗ
1159 4295 1227 4369 ἐλθη
1245 4295 1292 4354 ἐπὶ
1308 4297 1341 4354 τὸ
1359 4297 1440 4363 τέλος
1456 4295 1564 4353 τούτων

261 4387 319 4435 τῶν
337 4380 477 4450 σχοινίων,
495 4380 546 4437 τὸν
563 4381 663 4451 λιμένα
680 4383 731 4439 τδν
750 4383 828 4458 παρὰ
846 4393 886 4459 τῷ
903 4390 964 4460 θεῷ
979 4393 984 4454 Ι
999 4388 1018 4442 θ
1036 4393 1087 4442 τοῦ
1104 4387 1165 4454 νοῦ)
1189 4385 1221 4438 In
1233 4383 1295 4438 dem
1307 4383 1480 4438 Prooemium
1498 4381 1564 4451 (νηί.

262 4465 288 4518 Ζ.
304 4465 347 4532 11)
375 4465 445 4519 wird
471 4470 561 4521 ταυτα
586 4469 739 4536 gestanden
765 4472 863 4538 haben,
892 4472 954 4526 dass
980 4472 1029 4526 der
1047 4471 1118 4525 Text
1139 4471 1155 4524 2
1177 4468 1329 4538 Perikopen
1354 4468 1473 4522 umfasso
1499 4465 1564 4535 (ng.

262 4551 288 4604 8.
301 4551 358 4610 173,
371 4551 395 4604 3.
408 4551 460 4619 24),
482 4551 539 4604 und
557 4551 632 4606 daun
649 4555 724 4609 seina
740 4555 950 4627 Schwierigkeit
966 4556 1065 4610 betont
1081 4553 1192 4609 worden
1210 4553 1268 4608 sein
1287 4557 1292 4618 Ι
1316 4553 1355 4608 18
1373 4551 1512 4608 διδάσκειν
1529 4549 1564 4606 τὰ

263 4635 321 4703 νῦν)
340 4633 507 4697 διδάσκοντα
530 4635 618 4703 8118
636 4639 780 4697 τοσούτων
798 4641 841 4694 Gh
859 4649 997 4698 τοσοῦτον
1014 4641 1032 4694 8
1052 4641 1056 4708 Ι
1076 4637 1116 4694 28
1132 4635 1194 4713 χὼρ
1214 4641 1246 4694 S*
1265 4647 1320 4707 πᾶς
1336 4633 1397 4712 χὼρ
1416 4637 1497 4692 Swrr·
