3768 5544
585 417 789 474 Homiliexvl.
819 419 917 475 Jerem.
930 421 971 482 16,
984 419 1094 485 16-17,
1106 422 1128 473 1.
1456 426 1513 486 141

207 576 274 650 ύπό
306 586 368 651 τοῦ
398 579 592 668 πνεύματος
617 577 926 672 άναγεγραμμένην,
959 585 1156 669 οἰκονομίαν
1181 577 1309 670 κόσμου
1333 579 1424 668 παρὰ
1451 579 1515 651 τόν

209 677 321 769 ἀληθῆ
343 677 471 768 κόσμον
494 687 579 767 [περὶ
602 685 797 768 οἰκονομίας
818 678 965 771 κόσμου]
987 671 1084 754 οὗτοι
1105 676 1232 763 πάντες
1253 684 1417 768 ἐποίησαν
1441 680 1515 749 ἑαυ-

208 798 281 863 τοῖς
308 777 410 862 θεούς
437 786 493 850 καὶ
519 777 775 868 προσεκύνησαν
797 798 870 864 τοῖς
892 785 1001 870 ἔργοις
1023 787 1096 852 τῶν
1117 787 1247 869 χειρῶν.
1291 778 1366 850 οἶον
1389 775 1515 867 νόησόν

208 907 265 968 μοι
288 883 354 949 εἴτε
376 881 412 948 ἐν
426 872 562 968 Ἕλλησι
584 879 666 962 τούς
687 878 916 970 γεννήσαντας
930 876 1091 970 δόγματα,
1116 875 1188 969 φέρ’
1205 883 1319 962 εἰπεῖν,
1342 883 1439 968 τῆςδε
1455 883 1516 968 τῆς

173 998 189 1051 5
209 987 414 1067 φιλοσοφίας
429 973 451 1067 ἢ
466 983 575 1067 τῆςδε,
598 982 665 1050 εἴτε
687 984 725 1051 ἐν
747 997 821 1063 ταῖς
844 984 985 1068 αἱρέσεσι
1005 978 1086 1062 τούς
1108 977 1336 1068 γεννήσαντας
1357 977 1518 1066 πρώτους

209 1075 369 1168 δόγματα,
393 1070 490 1150 οὗτοι
511 1082 674 1167 ἐποίησαν
696 1079 827 1162 ἑαυτοῖς
849 1084 973 1151 εἴδωλα
994 1087 1050 1150 καὶ
1073 1075 1317 1166 άναπλάσματα
1332 1083 1393 1169 τῆς
1409 1083 1517 1165 ψυχῆς

207 1187 263 1250 καὶ
290 1183 496 1268 στραφέντες
522 1175 776 1267 προσεκύνησαν
803 1199 876 1262 τοῐς
902 1183 1011 1269 ἔργοις
1035 1185 1109 1250 τῶν
1128 1173 1253 1268 χειρῶν
1275 1173 1406 1262 αὐτῶν,
1433 1173 1517 1248 άπο-

209 1275 384 1367 δεξάμενοι
399 1273 448 1360 οός
463 1273 630 1366 ἀλήθειαν
646 1275 689 1348 τά
703 1281 771 1348 ἴδια
785 1274 1039 1368 άναπλάσματα
1075 1274 1208 1360 πάντας
1223 1270 1287 1350 οὖν
1302 1277 1383 1359 τούς
1398 1283 1516 1366 αίσθη·

208 1384 278 1460 τῶς
307 1385 364 1450 καὶ
394 1377 475 1460 τούς
505 1383 642 1466 νοητῶς
667 1384 853 1462 ποιοῦντας
881 1379 1012 1461 ἑαυτοῖς
1038 1377 1141 1460 θεούς
1164 1382 1344 1466 διελέγχων
1370 1371 1390 1448 δ
1417 1373 1517 1465 λόγος

157 1493 192 1548 10
210 1483 325 1566 φησίν·
350 1483 396 1548 »εί
417 1473 552 1567 ποιήσει
575 1478 686 1566 ἑαυτῷ
709 1475 899 1566 ἄνθρωπος
919 1476 1035 1562 θεούς,
1062 1484 1118 1548 καὶ
1140 1468 1238 1550 οὗτοι
1258 1473 1321 1547 ούκ
1342 1481 1404 1547 εἰσί
1424 1485 1517 1562 δεοί,·

210 1575 263 1648 διά
289 1581 396 1648 τοῦτο
424 1577 491 1665 έγώ
518 1576 663 1664 δηλοόσω
691 1573 805 1660 αὐτοῖς
831 1577 896 1668 τὴν
921 1574 1014 1667 χεῖρά
1039 1605 1105 1666 μου
1126 1580 1164 1648 έν
1185 1583 1237 1666 τῷ
1258 1582 1365 1664 καιρῷ
1388 1572 1514 1665 τούτῳ,

208 1681 263 1747 καί
291 1683 429 1764 γνωριοό
457 1672 574 1758 αύτοτς
604 1683 660 1746 καὶ
690 1674 755 1764 τὴν
780 1673 922 1766 δύναμίν
946 1705 1040 1766 μουι.
1086 1683 1176 1766 ποίῳ
1202 1681 1310 1765 καιρῷ
1337 1670 1359 1764 ἢ
1384 1673 1514 1762 τούτω·

211 1773 376 1846 δεικνύων
394 1781 431 1846 δὲ
452 1776 516 1848 τόν
537 1774 658 1864 καιρόν
681 1781 741 1865 τῆς
763 1785 949 1866 παρουσίας
969 1782 1032 1848 τοῦ
1046 1783 1176 1865 κυρίου·
1198 1781 1290 1864 <mal
1305 1774 1513 1864 γνώσονταιι

212 1880 329 1964 φησίν]
354 1869 427 1946 »ότι
449 1869 559 1964 ὄνομά
580 1902 638 1964 μοι
658 1873 800 1964 κύριοςι.

159 1991 192 2044 15
296 1985 341 2046 10.
357 1975 445 2045 Εἶτα
460 1974 546 2065 άλλη
560 1979 632 2046 ἐστὶ
645 1983 848 2064 προφητεία,
863 1970 907 2062 ἣν
922 1969 984 2046 ούκ
999 1971 1062 2046 οἶδ’
1077 1967 1273 2063 όπωςπαρά
1283 1969 1517 2064 τοτςἙβδομή-

211 2103 320 2146 κοντα
346 2071 407 2163 ούχ
429 2067 584 2165 εύρομεν,
612 2067 752 2163 εύρομεν
775 2079 811 2145 δὲ
834 2077 871 2146 έν
893 2092 968 2156 ταῖς
989 2086 1123 2156 λοιπαῖς
1144 2071 1306 2158 έκδόσεοι,
1334 2079 1440 2164 δῆλον
1463 2067 1518 2144 ότι

210 2181 368 2262 κειμένην
382 2179 421 2247 ἐν
435 2183 487 2265 τῷ
500 2171 672 2263 Ἐβραϊκῴ,
690 2181 746 2244 καὶ
761 2171 984 2263 πεπλήρωται
998 2171 1209 2263 πραγμάτων
1224 2170 1517 2262 ἀναγκαιοτάτων,

211 2279 409 2360 δυναμένων
431 2275 491 2348 έάν
513 2281 733 2364 προσέχωμεν
754 2276 953 2362 ἐπιστρέψαι
975 2271 1040 2362 τὴν
1061 2271 1172 2363 ψυχὴν
1193 2270 1299 2365 ἡμῶν.
1347 2267 1460 2356 οὕτως
1483 2279 1518 2345 δὲ

211 2377 276 2461 ἔχει
304 2372 346 2444 τά
377 2371 523 2465 ῥήματα·
558 2369 722 2460 »άμαρτία
747 2369 850 2444 Ἰούδα
878 2379 1061 2461 γέγραπται
1087 2377 1124 2444 έν
1145 2378 1297 2464 γραφείῳ
1320 2379 1458 2463 σιδηρῷ,
1482 2378 1519 2444 ἐν

126 2487 194 2543 291v
212 2465 305 2560 ὄνυχι
333 2469 552 2564 άδαμαντίνῳ
580 2477 854 2562 έγκέκολαμμένη
882 2476 937 2542 ἐπὶ
963 2477 1027 2543 τοῦ
1049 2470 1200 2563 στὴδους
1220 2478 1283 2561 τῆς
1303 2477 1440 2559 καρδίας
1461 2467 1517 2543 αύ-

212 2580 313 2644 τῶνι.
335 2575 460 2663 <έστιν>
470 2579 525 2644 έπὶ
534 2572 575 2645 τό
586 2569 819 2662 εὐχερέστερον
835 2569 959 2644 ἑαυτὸν
973 2576 1147 2644 ἐπιδοῦναι
1161 2579 1216 2642 καὶ
1226 2577 1345 2643 εἰπεῖν·
1359 2577 1519 2662 περὶτῶν

212 2668 380 2744 Ἰουδαίων
402 2679 510 2744 ταῦτα
533 2678 719 2762 γέγραπται
741 2663 795 2742 ότι
818 2666 838 2760 ἦ
861 2665 1006 2762 άμαρτία
1029 2668 1145 2744 αύτῶν
1169 2677 1401 2761 εγέγραπταιι.
1445 2668 1518 2743 ἀλλ’

213 2771 272 2842 ίάν
296 2775 382 2858 ἰ’δης,
415 2769 463 2855 σός
489 2769 654 2853 πολλάκις
680 2776 862 2859 ἐδείξαμεν,
893 2767 1017 2843 Ἰούδαν
1047 2779 1219 2860 τροπικῶς
1245 2767 1429 2860 λεγόμενον
1455 2771 1519 2843 τόν

213 2869 378 2958 Χριστόν,
405 2868 537 2960 μήποτε
566 2866 730 2961 »άμαρτία
749 2865 871 2942 Ἰούδα(
901 2866 998 2960 ἡμῶν
1019 2875 1090 2942 έστι
1112 2877 1184 2942 τῶν
1206 2869 1442 2942 πιστευόντων
1464 2875 1518 2942 ἐπὶ

161 2983 195 3038 25
213 2968 277 3040 τόν
299 2969 450 3057 Χριστόν
471 2968 535 3042 τόν
556 2975 594 3041 έκ
616 2977 726 3059 φυλῆς
746 2965 858 3042 Ἰούδα.
896 2973 925 3041 εί
946 2977 981 3042 δὲ
1004 2968 1142 3042 δύνασαι
1162 2978 1218 3040 καὶ
1240 2969 1354 3053 άλλως
1379 2967 1519 3042 άκοῦσαι

213 3068 476 3158 μυστικώτερον,
499 3066 584 3159 τάχα
605 3077 682 3156 περὶ
697 3065 801 3140 Ἰούδα
822 3068 1029 3158 προφητεύει
1044 3075 1108 3141 τοῦ
1122 3069 1347 3159 παραδόντος,
1371 3066 1419 3154 ιδς
1433 3075 1519 3142 εἰναι

213 3175 290 3255 περὶ
312 3166 419 3240 αύτοῦ
440 3169 506 3260 τὴν
526 3176 742 3259 προφητείαν
765 3174 943 3257 λέγουσαν·
969 3166 1130 3259 »άμαρτία
1151 3166 1255 3242 Ἰούδα
1278 3175 1461 3258 γέγραπται
1483 3173 1521 3240 έν

213 3275 366 3358 γραφείῳ
382 3273 518 3358 σιδηρῷ,
538 3272 576 3340 έν
592 3261 686 3356 όνυχι
701 3265 919 3358 άδαμαντίνῳ
937 3274 1206 3360 έγκεκολαμμένη
1220 3274 1276 3341 ἐπὶ
1292 3275 1355 3340 τοῦ
1368 3265 1520 3359 στήθους

213 3555 272 3608 Hb
298 3472 371 3527 151.
390 3470 453 3542 vgl.
466 3473 591 3544 Hexapla
612 3491 638 3528 u,
659 3471 707 3526 TU
727 3471 774 3526 NF
794 3473 814 3534 Ι,
835 3473 860 3536 3,
881 3473 938 3528 53f.
961 3502 995 3512 -
1017 3472 1052 3529 25
1070 3472 1134 3544 Vgl.
1153 3472 1224 3528 Hier.
1244 3473 1347 3528 Gomm.
1360 3475 1418 3530 956.
1454 3472 1517 3544 Vgl.

239 3558 386 3620 enZM

297 3741 312 3796 l
333 3735 599 3810 ἀναγεγραμμένην]
618 3747 651 3804 -Ι-
668 3741 717 3794 καὶ
735 3733 822 3808 ἄλλην
835 3740 872 3794 Co
888 3742 893 3807 1
907 3737 967 3810 τδν]
985 3743 1036 3809 τὴν
1049 3741 1087 3796 Co
1103 3743 1107 3808 Ι
1123 3743 1142 3796 3
1159 3742 1271 3813 χειρῶν]
1291 3749 1323 3805 -Ι-
1341 3757 1459 3794 suarum
1471 3739 1496 3794 Η

212 3825 231 3880 3
251 3824 349 3894 ψυχῆς]
369 3833 401 3887 -Ι-
417 3829 581 3892 putaverunt
598 3824 687 3878 Deum
698 3824 725 3879 H
739 3826 744 3892 Ι
759 3824 779 3879 3
796 3822 956 3894 διελέγχων]
975 3833 1008 3887 -Ι-
1019 3841 1094 3878 nuno
1106 3825 1131 3878 H
1146 3828 1150 3894 Ι
1167 3825 1204 3880 12
1217 3826 1366 3895 καὶ-καλ]
1379 3825 1517 3888 ostendam

211 3908 270 3961 ι’ίίίσ
292 3907 391 3976 Htw
409 3906 698 3978 δεικνύων-καιρόν]
718 3917 750 3967 <
763 3907 789 3962 H
804 3909 808 3974 Ι
825 3908 914 3973 13114
931 3911 1107 3980 καί-φησίν
1120 3911 1158 3965 Co
1175 3909 1212 3964 Ισί
1228 3911 1314 3964 scient
1335 3910 1360 3965 H
1387 3914 1389 3923 ¹
1411 3909 1446 3965 18
1468 3910 1518 3977 τιΙν

212 3993 305 4062 ψυχὴν
322 3991 412 4062 ἡμῶν]
431 3993 566 4047 Ιποίοτοαι
583 3993 609 4046 Η
632 3995 636 4061 Ι
660 3992 701 4048 20
719 3991 812 4048 αὐτῶν
826 3993 863 4047 Co
882 3992 948 4062 (ng.
967 3993 992 4048 S.
1005 3995 1063 4057 142,
1076 3996 1100 4063 1]
1118 4011 1212 4049 eorum
1229 3995 1255 4048 H
1273 3991 1361 4050 αὐτοῦ
1377 3993 1518 4062 8121122

212 4070 495 4148 έστι-γέγραπταιέ]
518 4077 656 4143 Quoniam
677 4077 795 4146 difficile
817 4082 857 4131 est
873 4077 994 4145 aliquem
1011 4095 1039 4132 εν
1060 4079 1169 4132 malum
1185 4079 1317 4148 confiteri,
1337 4079 1397 4132 ideo
1418 4077 1521 4132 Judaez·

211 4162 261 4230 ηιιί
277 4162 447 4231 amplam
464 4163 601 4218 nonnulla
622 4163 775 4230 falsarunt,
792 4161 876 4216 ιίίατκ
893 4163 925 4216 δυ
942 4163 991 4216 Ιιοο
1012 4163 1068 4218 ίουο
1086 4179 1138 4232 pro
1155 4169 1263 4232 μοττοίο
1280 4163 1361 4228 Juda,
1376 4168 1516 4230 peccatum

211 4263 305 4300 eorum
319 4251 471 4314 posuerunt
482 4246 508 4301 H
520 4247 575 4318 vgl.
588 4247 635 4302 'I'U
648 4246 694 4300 NF
705 4247 726 4314 1,
739 4249 764 4312 3,
776 4247 809 4301 22
828 4250 907 4302 Anm.
920 4249 936 4302 6
951 4248 955 4315 Ι
971 4247 1009 4303 21
1029 4241 1104 4303 ἔστιν
1120 4244 1167 4304 έπί
1184 4247 1218 4303 τδ
1231 4245 1440 4320 εὐχερέστερον]
1453 4245 1520 4302 οδω·

211 4329 248 4384 ish
266 4349 300 4384 zu
317 4329 373 4400 vgl.
391 4330 580 4399 Philoe.1,28
597 4331 647 4400 (Ro
665 4333 706 4396 33,
729 4333 769 4385 17.
792 4331 836 4385 18:
864 4327 891 4386 εί
914 4330 945 4386 δέ
970 4350 1012 4398 τις
1033 4331 1260 4406 προπετέστερον
1282 4328 1383 4387 ἑαυτὸν
1406 4327 1518 4405 έπιδῴη,

211 4416 281 4483 κτλ.)
297 4433 324 4470 u.
342 4417 394 4479 5‚7
413 4416 464 4484 (48,
476 4416 517 4472 29.
530 4419 575 4472 30:
597 4415 810 4488 τολμηρότερον
837 4412 961 4484 έμαυτδν
987 4423 1027 4490 τῷ
1050 4411 1237 4488 έπαγορεύειν
1255 4414 1431 4485 έπιδίδωμιΙῖ
1458 4413 1519 4472 ἐπεὶ

211 4499 429 4572 δυσχερέστερον
447 4499 491 4554 Hu
514 4502 519 4569 Ι
545 4499 584 4556 24
602 4500 693 4570 ἡμῶν]
712 4505 854 4569 peccalum
872 4506 997 4555 nostrum
1015 4495 1297 4570 ΗΙ23κα1άλλως]
1317 4509 1349 4559 <
1372 4500 1516 4568 11123127

214 4579 443 4655 ἶνις-λέγουσαν]
464 4594 497 4643 <
509 4583 541 4638 Η.
