3694 5542
444 470 495 524 Die
513 471 721 540 selbsffindigen
738 470 903 540 Fragmente
921 487 969 524 aus
987 472 1035 526 der
1052 469 1318 540 Prophebenkatone.
1475 476 1535 537 227

233 631 388 724 »κηρῦξαι
416 634 643 722 αἰχμαλώτοις
666 631 821 720 ἀφεσινι·
852 628 893 704 οῦ
923 632 986 722 γὰρ
1017 628 1096 703 καθ’
1124 637 1278 720 ἱστορίαν
1309 632 1536 722 αἰχμαλώτοις

228 731 398 824 ἐκήρυξεν.
443 732 545 817 αῦτός
567 740 681 806 δὲκαὶ
703 731 744 804 τὸ
771 739 928 805 δίκαιον
954 739 1011 803 καὶ
1044 727 1161 822 ἀγιον
1195 725 1301 820 ὄρος·
1331 728 1450 822 ἀψύχῳ
1472 731 1535 820 γὰρ

228 841 303 918 πῶς
326 831 368 905 ἀν
391 829 580 924 ἀρμόσειεν;
609 837 637 904 εἰ
658 837 695 903 δὲ
716 836 753 902 ἰν
776 827 869 922 αὐτῷ
886 833 990 928 ε’σμεν
1011 831 1098 903 κατὰ
1120 829 1161 902 τὸ
1187 840 1260 904 »καὶ
1274 829 1366 922 ῦμεῖς
1381 835 1418 902 ἐν
1432 837 1535 920 ἐμοίι.

230 931 508 1024 οἰκοδομήσωμεν
530 938 566 1005 ἐν
588 939 640 1022 τῷ
664 938 783 1019 δικαίῳ
807 923 885 1019 ὄρει.
929 937 1032 1002 τοῦτο
1061 937 1097 1002 δε
1125 949 1218 1004 ποιεῖ
1236 961 1288 1015 τις
1310 935 1351 1002 ἐν
1371 928 1537 1024 Ἰουδαίᾳ

194 1045 210 1099 5
229 1031 422 1123 γενόμενος,
447 1027 465 1103 ῦ
488 1032 704 1122 ἑρμηνεύεται
724 1026 1036 1121 Ἐξομολογουμένη,
1059 1038 1111 1120 τῷ
1134 1039 1205 1120 θεῷ
1228 1030 1537 1122 ἐξομολογούμενος

229 1133 290 1216 τὰς
320 1129 482 1223 ἁμαρτίας
511 1139 566 1204 καὶ
593 1127 813 1220 εὐχαριστῶν·
847 1135 954 1218 »λέγει
984 1129 1047 1220 γὰρ
1072 1129 1130 1202 »οὐ
1152 1139 1290 1216 πρῶτος
1313 1130 1374 1213 τὰς
1395 1128 1537 1222 ἀνομίας

229 1257 299 1314 σου,
323 1237 378 1303 ἵνα
400 1239 616 1320 δικαιωθῇςι.
653 1233 713 1300 εἰσὶ
737 1227 798 1319 γάρ
821 1259 912 1312 τινες
933 1227 1073 1313 πόλεις
1096 1236 1158 1301 τοῦ
1180 1237 1265 1302 θεοῦ
1286 1237 1341 1302 καὶ
1362 1235 1537 1319 οἰκοδομαί

228 1339 284 1403 καὶ
312 1331 457 1421 γεώργια
483 1328 602 1418 αὐτοῦ]
629 1337 684 1400 καὶ
711 1329 774 1419 γὰρ
801 1324 977 1411 δΠαῦλός
1000 1353 1093 1418 φησι·
1127 1337 1230 1402 ’θεοῦ
1255 1331 1429 1420 γεώργιον,
1452 1337 1537 1403 θεοῦ

230 1430 391 1522 οἰκοδομή
414 1436 517 1503 έστει.
560 1435 596 1502 ἰν
620 1421 648 1520 ᾧ
671 1429 734 1518 γὰρ
757 1431 984 1518 οἰκοδομεῖται
1010 1427 1053 1498 τὰ
1079 1437 1157 1517 περὶ
1183 1437 1246 1501 τοῦ
1267 1436 1352 1500 θεοῦ
1372 1428 1537 1520 μυστήρια

180 1541 212 1596 10
229 1539 285 1601 καὶ
308 1531 438 1621 ἄρρητα
460 1528 620 1620 δόγματα,
643 1527 817 1617 ἐντούτῳ
841 1524 922 1610 ναῦς
944 1533 1015 1600 ἐστι
1037 1535 1099 1600 τοῦ
1121 1536 1205 1600 θεοῦ
1225 1535 1280 1600 καὶ
1302 1529 1345 1600 τὰ
1367 1523 1446 1619 ἀγια
1464 1537 1536 1602 τιῦν

230 1627 347 1720 ἀγίων,
369 1639 423 1702 καὶ
446 1624 529 1720 ῦλης
552 1621 654 1712 οὗτος
676 1634 737 1718 τῆς
758 1625 915 1710 Ἰουδαίας
937 1624 1154 1718 μητρόπολις.

632 1797 664 1864 Ν
666 1823 689 1866 r.
708 1798 786 1864 LIX.
828 1798 944 1864 Jerem.
959 1803 1008 1878 38,
1023 1805 1071 1866 35.
1087 1805 1135 1866 37.

313 1934 399 2018 (138)
430 1935 530 2000 Δοκεῖ
559 1927 600 1998 τὸ
632 1923 703 1998 οῦκ
734 1921 969 2012 ἀποδοκιμυῦ
998 1923 1070 1996 τὸν
1101 1925 1249 2016 Ἰσραήλ
1271 1929 1428 1997 ἐναντίον
1451 1927 1536 1998 εἰναι

230 2033 281 2116 τῷ
308 2027 395 2116 πρὸς
427 2025 549 2110 αῦτοῦς
580 2033 728 2116 λέγοντι·
757 2034 821 2095 καὶ
849 2025 895 2097 τὸ
923 2031 1036 2114 γένος
1058 2021 1207 2115 Ἰσραήλ
1226 2024 1429 2097 παῦσεται.
1478 2024 1537 2115 μή·

180 2147 213 2200 15
230 2155 316 2199 ποτε
347 2134 466 2199 τοίνυν
499 2127 539 2198 τὸ
569 2133 629 2216 μὲν
659 2132 735 2216 περὶ
768 2132 829 2196 τοῦ
860 2131 1021 2209 σαρκικοῦ
1051 2131 1213 2212 λέλεκται,
1244 2126 1285 2198 τὸ
1312 2129 1347 2195 δε
1373 2131 1537 2214 περὶτοῦ

230 2234 458 2314 πνευματικοῦ
479 2221 619 2314 Ἰσραήλ.
660 2225 753 2315 πλὴν
780 2222 799 2315 ή
828 2222 898 2296 οῦκ
925 2221 1095 2311 ἀπόφασις
1120 2232 1344 2314 προσκειμένη
1366 2231 1417 2313 τῷ
1441 2217 1536 2296 ἀπο·

231 2333 382 2416 δοκιμῶ
408 2325 499 2415 παρὰ
522 2345 594 2407 τοῖς
616 2332 747 2406 λοιποῖς
770 2325 984 2414 ίρμηνευταῖς
1006 2320 1069 2396 οῦκ
1090 2326 1191 2407 ἔστιν,
1214 2321 1301 2396 ἀλλὰ
1324 2323 1416 2413 παρὰ
1435 2345 1508 2406 τοῖς
1529 2331 1538 2363 '¹
1557 2339 1607 2392 393

229 2417 487 2516 Ἑβδομήκοντα.
531 2421 663 2515 νοήσεις
694 2428 729 2494 δὲ
759 2430 814 2494 καὶ
836 2419 963 2506 οῦτως,
995 2417 1049 2494 ὅτι
1072 2431 1135 2494 νῦν
1160 2430 1221 2513 μὲν
1243 2420 1456 2512 ἀποδοκιμῶ,
1478 2425 1538 2496 ἐὰν

231 2533 266 2596 δὲ
287 2522 414 2614 ῦψωθή
436 2522 507 2596 οῦκ
530 2520 774 2614 ἀποδοκιμῶ.

180 2708 214 2762 20
665 2692 721 2759 Nr.
742 2693 804 2759 LX.
846 2693 960 2759 Jerem.
976 2699 1023 2772 39,
1039 2700 1066 2760 7.
1082 2699 1108 2761 8.

314 2827 400 2910 (139)
422 2817 474 2892 Ἐν
497 2827 656 2908 φυλακή
678 2816 804 2902 πάντες
826 2823 931 2908 ἐσμέν,
953 2825 1009 2889 καὶ
1023 2816 1168 2908 μάλιστα
1182 2818 1425 2909 πειραζόμενσι.
1457 2817 1538 2892 τότε

231 2927 377 2992 κτᾶταί
414 2951 465 3003 τις
495 2916 630 3009 ἀγρόν,
662 2915 734 2990 ἀλλ’
762 2916 802 2991 οῦ
825 2926 885 3009 τῆς
908 2925 1060 3008 φυλακῆς
1090 2919 1254 3005 ἐξελθών·
1283 2915 1303 3010 ἦ
1334 2925 1369 2990 δὲ
1398 2926 1537 3010 κτῆσις

232 3017 418 3110 βουλήματι
449 3027 533 3092 θεοῦ
563 3039 635 3101 τοῖς
665 3025 781 3101 καλῶς
812 3013 1079 3107 ἀγωνιζομένοις.
1126 3012 1267 3105 ἀδελφοὶ
1293 3023 1329 3088 δὲ
1351 3015 1537 3102 Χελκίαςὸ

233 3117 297 3191 τοῦ
326 3115 477 3209 Ἱερεμίου
506 3119 619 3208 πατήρ
650 3125 705 3190 καὶ
735 3115 935 3208 Ἁναμεήλ,
973 3117 1075 3208 ἀμφω
1108 3126 1224 3200 παῖδες
1255 3110 1352 3200 ὄντες
1382 3118 1538 3210 Σαλῶμ.

181 3239 214 3295 25
233 3215 395 3308 ἀδελφῶν
425 3217 488 3307 γὰρ
517 3225 653 3307 πρᾶγμα
683 3225 739 3288 καὶ
765 3215 879 3307 εἰρήνη
912 3225 967 3288 καὶ
993 3225 1084 3308 μερὶς
1110 3224 1205 3289 θεοῦ·
1237 3225 1381 3300 Χελκίας
1403 3217 1465 3308 γὰρ
1487 3221 1538 3308 ἑρ-

232 3317 410 3407 μηνεύεται
432 3327 535 3407 Μερὶς
565 3323 663 3393 θεοῦ,
687 3319 816 3405 Σαλώμ
847 3322 881 3387 δὲ
909 3313 1044 3407 Εἰρήνη.
1087 3316 1217 3405 καρπὸς
1248 3322 1283 3388 δὲ
1316 3322 1377 3407 τής
1406 3324 1539 3408 μερίδος

234 3424 297 3489 τοῦ
319 3424 404 3489 θεοῦ
427 3415 666 3508 ,λίετεωρισμός
693 3422 788 3488 θεοῦ·
817 3411 910 3487 οῦτω
934 3417 996 3506 γὰρ
1022 3413 1173 3506 Ἱερεμίας
1195 3416 1418 3506 ἑρμηνεύεται
1459 3447 1538 3507 καρ-

233 3515 297 3599 πὸς
320 3523 355 3588 δὲ
378 3524 439 3606 τῆς
466 3515 598 3608 εἰρήνης
620 3514 726 3604 Χάρις
749 3521 849 3588 θεοῦ·
879 3523 984 3588 τοῦτο
1007 3517 1069 3605 γὰρ
1093 3523 1191 3604 δηλοῖ
1211 3514 1251 3587 τὸ
1273 3512 1444 3606 Ἁναμεήλ.
1488 3515 1540 3589 οῦ-

320 3671 335 3727 l
356 3671 423 3726 Luk.
436 3674 461 3734 4,
475 3671 508 3726 18
524 3671 578 3726 ἰθε.
587 3673 628 3736 61,
640 3675 662 3724 1.
673 3702 704 3710 -
715 3671 734 3726 3
747 3672 808 3727 Joh.
821 3675 861 3736 14,
875 3673 916 3728 20.
927 3701 960 3712 -
970 3673 989 3727 5
1008 3670 1173 3740 VgLOnom.
1184 3672 1290 3738 εουιεῐ,
1302 3673 1358 3734 193,
1372 3673 1404 3726 13
1423 3673 1482 3737 293,
1494 3675 1540 3726 99ι

233 3749 349 3811 Ἰουδαία
367 3753 623 3826 ἐξομολογουμένη.
650 3787 683 3795 -
709 3757 726 3811 9
749 3757 801 3811 Jes.
819 3760 860 3818 43,
879 3757 921 3811 26.
942 3785 976 3795 -
998 3755 1015 3810 8
1037 3757 1130 3810 IKor.
1148 3757 1172 3822 3,
1191 3757 1215 3810 9.
1233 3785 1266 3794 -
1289 3755 1367 3812 2211.
1385 3755 1448 3824 vgl.
1467 3756 1540 3810 Hier.

234 3839 336 3894 Comm.
358 3841 424 3894 1019
454 3839 517 3908 Vgl.
536 3840 583 3894 TU
601 3840 648 3894 NF
665 3841 685 3904 Ι,
704 3843 728 3907 3,
747 3845 785 3894 11.
815 3871 847 3880 -
875 3842 911 3896 25
932 3839 997 3910 vgl.
1014 3840 1110 3894 Onom.
1129 3857 1207 3894 sacra
1224 3839 1248 3906 Ι,
1268 3840 1325 3904 184,
1343 3843 1388 3895 67:
1418 3841 1541 3904 Χελκίας

232 3921 366 3991 θεμέλιος
388 3924 414 3993 [l.
434 3927 505 3979 θεοῦ
527 3925 615 3996 μερίς.
648 3924 710 3994 vgl.
729 3942 752 3980 a.
766 3943 790 3980 a.
803 3925 833 3979 Ο.
852 3927 992 3992 1‚53,27:
1016 3923 1128 3978 chelcia
1149 3940 1212 3993 pars
1231 3922 1352 3992 dominu.
1370 3955 1403 3962 —
1422 3923 1540 3994 26vg1.

234 4007 330 4061 Onom.
349 4025 427 4062 saera
444 4009 464 4074 1,
483 4013 524 4074 55,
544 4013 588 4064 16:
616 4009 708 4063 Salom
727 4008 879 4064 retribuens
901 4009 958 4063 sive
980 4008 1116 4078 pacificus.
1134 4037 1166 4046 —
1193 4006 1230 4062 21
1258 4006 1321 4076 Vgl.
1345 4007 1542 4062 Onom.1acra

234 4091 258 4154 1,
277 4093 335 4158 192,
353 4094 398 4147 91:
427 4085 560 4162 Ἱερεμίας
581 4091 776 4164 μετεωρισμδς
797 4089 967 4163 ῦψοίμενος.
986 4122 1019 4131 -
1037 4092 1074 4147 28
1097 4089 1159 4162 Vgl.
1177 4091 1364 4146 Onom.·sacra
1381 4093 1400 4153 1,
1420 4095 1477 4160 162,
1495 4093 1541 4148 25:

234 4179 369 4246 Αναμεηλ
385 4173 468 4248 χάρις
484 4181 555 4232 θεοῦ
572 4182 630 4232 κτλ.

322 4296 337 4349 1
357 4289 421 4350 κατ’
438 4311 454 4348 ο
478 4297 482 4361 l
506 4295 524 4351 ὅ
548 4294 699 4364 γινόμενος
717 4311 731 4346 ο
755 4295 759 4360 Ι
784 4289 809 4363 ὃ]
834 4291 850 4362 ή
868 4294 910 4348 Ru
933 4295 937 4360 1
961 4291 1216 4362 ἐξομολογουμένη,
1234 4299 1274 4365 τῷ
1293 4297 1352 4365 θεῷ
1371 4292 1426 4362 vgl.
1445 4291 1541 4349 Onom.

236 4395 314 4433 saera
331 4376 578 4448 ἐξομολογουμένη
597 4385 636 4450 τῷ
656 4381 714 4450 θεῷ
733 4379 835 4446 Ausgg.
856 4379 860 4444 Ι
879 4378 896 4432 9
913 4379 972 4447 τοῦ]
992 4388 1024 4437 <
1043 4396 1059 4432 0
1075 4381 1079 4446 Ι
1098 4379 1132 4435 13
1150 4381 1215 4432 δοκῐ
1229 4383 1281 4432 τῶι
1298 4373 1515 4445 ἀποδσκειμῶο
1538 4381 1541 4446 Ι

236 4455 318 4532 εἶναι]
337 4471 404 4522 <e
427 4467 431 4531 l
458 4463 493 4518 19
516 4465 531 4532 ἡ
551 4461 603 4518 οὐκ
620 4463 663 4517 Ru
681 4461 747 4532 (vgl.
766 4461 818 4528 Gh)
837 4481 893 4517 που
911 4471 966 4528 εοΙ
989 4471 1030 4536 τῷ
1054 4463 1097 4516 Gh
1114 4459 1148 4516 τδ
1167 4477 1182 4514 ο
1199 4459 1231 4515 τῦ
1251 4459 1337 4516 οῦκο
1361 4463 1365 4528 Ι
1390 4461 1426 4517 11
1453 4462 1541 4534 παρὰ]

236 4549 301 4619 περί
318 4565 333 4602 ο
352 4553 355 4612 Ι
376 4547 416 4603 24
434 4550 531 4613 παῖδες
550 4543 638 4616 ὄντες]
657 4544 871 4610 παιδεῦοντεςο
892 4550 895 4614 Ι
916 4547 952 4602 23
974 4547 1044 4617 καθ]
1063 4547 1078 4615 ἡ
1097 4562 1113 4599 ο
1129 4549 1132 4613 Ι
1148 4546 1261 4610 κελκίας
1277 4547 1311 4611 οΙ
1328 4547 1365 4599 2λ
1386 4539 1460 4601 οὕτω
1479 4548 1542 4617 γὰρ]

237 4625 326 4697 οὕτως
343 4633 392 4686 καί
409 4649 433 4688 0.

1312 4713 1364 4770 15*
