3768 5544
374 495 495 550 Homilie
513 495 546 549 V.
580 497 679 554 Jerem.
697 499 721 564 3,
739 497 832 560 22-4,
849 496 873 552 8.
892 527 924 535 -
942 495 1063 551 Homilie
1080 495 1126 550 VI.
1163 496 1261 551 Jerem.
1280 499 1303 560 5,
1322 496 1397 550 3-5.
1504 501 1544 561 47

152 678 220 734 233r
236 686 298 733 σου
324 663 371 743 είς
397 658 462 750 τήν
489 665 567 750 γῆν,
598 669 676 750 περὶ
702 650 742 748 ής
764 665 769 744 Ι
792 657 860 750 πρὸ
887 667 1037 750 βραχέως
1066 663 1233 748 ἐλέγομεν.
1277 660 1422 730 ἕκαστον
1448 654 1545 749 ήμῶν

236 759 396 848 βούλεται
419 765 616 848 νεμηθῆναι.
660 760 791 849 ἔρχεται
814 751 877 832 οὖν
902 766 984 831 »τοῦ
1006 770 1118 831 θεῖναι
1140 759 1205 850 τήν
1219 766 1283 851 γῆν
1299 782 1360 830 σου
1376 764 1455 848 <είς>
1471 756 1543 849 ἐρή-

237 885 381 951 μωσινι,
414 863 469 931 ίνα
494 857 720 948 καταπατήσῃ
748 859 792 930 τὰ
818 865 994 950 σπέρματα
1016 855 1035 930 ό
1058 867 1162 946 λέων,
1194 864 1249 932 ίνα
1270 855 1397 948 ποιήσῃ
1420 854 1545 949 έρημόν

239 987 300 1033 σου
327 959 393 1049 τήν
414 964 487 1048 γῆν.
534 965 606 1029 »καὶ
627 955 746 1042 πόλεις
767 983 829 1031 σου
851 955 1166 1047 καθαιρεθήσονται
1187 959 1280 1050 παρὰ
1302 957 1343 1030 τό
1365 958 1410 1048 μή
1432 987 1546 1030 κατοι·

203 1070 370 1132 δατεῖσθαι
397 1053 510 1142 αότάς.
553 1061 608 1130 ἐπὶ
630 1058 769 1141 τούτοις
790 1057 1024 1147 περιζώσασθε
1047 1055 1221 1142 σάκκουςι.
1264 1063 1335 1130 ἐπεὶ
1359 1051 1421 1130 οὖν
1445 1055 1545 1147 ἀνέβη

240 1168 330 1232 λέοον
352 1165 408 1230 καί
430 1154 563 1231 ἀπειλεῖ
582 1183 636 1232 σοι
658 1166 749 1231 λέων
769 1164 825 1230 καὶ
847 1156 1008 1244 βούλεταί
1025 1183 1087 1230 σου
1103 1154 1264 1245 ἀφανίσαι
1278 1157 1344 1247 τήν
1359 1164 1433 1247 γῆν,
1455 1165 1546 1247 περί-

241 1271 345 1346 ζωσαι
367 1255 505 1343 σάκκον,
527 1271 622 1330 κλαῖε
643 1266 700 1330 καί
720 1265 850 1340 πένθει,
874 1256 929 1328 διὰ
949 1265 1023 1329 τῶν
1046 1254 1154 1347 εὐχῶν
1168 1255 1358 1347 παρακάλει
1372 1254 1436 1328 τόν
1451 1253 1546 1340 θεόν,

240 1361 296 1432 ίνα
317 1365 447 1431 τοῦτον
469 1355 533 1429 τόν
555 1367 682 1430 λέοντα
704 1357 934 1448 ἐξολοθρεύσῃ
957 1353 1025 1429 ἀπὸ
1048 1363 1110 1428 σοῦ
1131 1363 1187 1428 καί
1208 1355 1253 1446 μή
1275 1360 1419 1446 έμπέσῃς
1440 1353 1547 1428 αὐτοῦ

241 1466 288 1543 είς
309 1455 351 1530 τὸ
374 1454 490 1547 στόμα.
536 1451 595 1530 »όν
617 1455 769 1550 τρόπον(
794 1455 858 1546 γάρ
884 1451 987 1528 »ὅταν
1010 1453 1159 1544 ἐκσπάσῃ
1182 1450 1202 1528 ό
1224 1455 1352 1546 ποιμήν
1374 1460 1410 1526 ἐκ
1425 1453 1548 1546 στόμα-

190 1571 223 1624 10
241 1589 301 1642 τος
328 1565 472 1640 λέοντος
500 1555 560 1629 δύο
588 1565 689 1647 σκέλη
716 1553 738 1647 ή
764 1554 870 1645 λοβὸν
898 1553 1040 1628 ω’τίουι·
1068 1549 1171 1638 οὗτος
1197 1551 1217 1628 ὅ
1243 1563 1334 1628 λέων
1362 1565 1456 1644 ζητεῖ
1474 1564 1548 1628 τῶν

242 1656 346 1730 ὤτοιν
369 1682 405 1729 σε
427 1667 552 1743 λαβεῖν,
574 1657 631 1730 ίνα
654 1656 708 1728 διὰ
730 1663 791 1746 τῆς
814 1664 960 1743 λιχνείας
982 1681 1044 1729 σου
1066 1652 1190 1745 λόγους
1211 1661 1346 1743 ψευδεῖς
1368 1680 1421 1728 σοι
1442 1686 1549 1746 παρα-

241 1759 357 1844 βαλὼν
380 1754 524 1846 ἐκστήσῃ
547 1781 583 1828 σε
605 1754 673 1828 ἀπὸ
696 1762 758 1845 τῆς
781 1753 951 1844 ἀληθείας,
974 1754 1133 1842 βούλεταί
1149 1780 1211 1828 σου
1226 1753 1294 1828 ἀπὸ
1309 1761 1371 1844 τῆς
1387 1752 1549 1844 ἀληθείας

241 1854 389 1947 ἀρπάσαι
419 1856 501 1938 τοὺς
531 1853 640 1940 πόδας
665 1864 722 1928 καί
747 1875 964 1944 καταφαγεῖν.
1013 1851 1100 1928 ἀλλὰ
1128 1855 1168 1927 σὺ
1194 1864 1378 1944 περίζωσαι
1405 1853 1549 1940 σάκκους

242 1963 297 2029 καὶ
317 1953 452 2029 κόπτου
473 1961 528 2026 καί
550 1968 645 2029 κλαῖε
666 1962 722 2026 καὶ
745 1951 890 2042 ἀλάλαζε
913 1962 1052 2038 βλέπων
1072 1954 1137 2027 τὸν
1156 1965 1322 2045 πολέμιον
1339 1953 1402 2026 τὸν
1417 1960 1550 2046 ἐνεστη-

191 2070 224 2122 15
242 2053 341 2140 κότα,
364 2059 420 2127 ἵνα
442 2051 648 2145 ἀποστροφῇ
673 2052 799 2144 »θυμὸς
822 2049 923 2144 ὄργής
944 2062 1079 2146 κυρίουι
1106 2052 1174 2127 ἀπὸ
1197 2061 1271 2140 σοῦ,
1302 2061 1359 2125 καί
1381 2050 1550 2146 ἀποστρα-

244 2164 371 2244 φέντος
392 2160 457 2227 τοῦ
478 2161 591 2245 θυμοῦ
613 2161 764 2244 δυνηθῇς
786 2159 822 2225 ἒν
839 2150 1015 2247 ἀμεριμνίῃ
1030 2151 1221 2245 γενόμενος,
1244 2161 1361 2245 μηκέτι
1376 2161 1441 2226 τοῦ
1455 2163 1550 2228 λέον-

243 2285 304 2338 τος
325 2251 608 2344 όπεισερχομένου
629 2278 693 2338 σοι,
715 2261 766 2344 τῷ
790 2277 825 2324 σε
849 2256 1103 2345 εἰσεληλυθέναι
1124 2259 1171 2338 είς
1193 2253 1258 2343 τήν
1280 2250 1417 2344 τειχήρη
1435 2252 1549 2339 πόλιν,

245 2350 397 2440 δοξάζειν
418 2351 482 2426 τόν
504 2350 670 2444 ῥυόμενόν
693 2378 729 2425 σε
751 2351 836 2424 θεὸν
859 2357 896 2423 ἐν
913 2361 1050 2444 Χριστῷ
1066 2349 1178 2444 Ἰησοῦ,
1202 2345 1230 2443 ᾧ
1253 2358 1346 2425 ἐστιν
1361 2349 1381 2443 ή
1399 2350 1480 2439 δόξα
1495 2361 1550 2427 καὶ

245 2452 285 2523 τό
307 2449 434 2542 κράτος
456 2458 503 2538 είς
524 2453 606 2537 τούς
628 2458 755 2536 αἰῶνας
777 2459 851 2524 τῶν
874 2452 1021 2524 αἰώνων.
1063 2449 1172 2544 Ἀμήν.

791 2695 1001 2702 -—-—--—-—-

192 2913 228 2969 20
246 2895 335 2980 <Είς
360 2888 407 2963 τὸ
433 2885 588 2986 »κύρω
625 2890 664 2964 οἱ
692 2890 919 2986 ὀφθαλμοί
945 2917 1021 2966 σου
1050 2889 1298 2972 simiam«
1322 2891 1447 2985 μέχρι
1475 2897 1551 2966 τοῦ
1575 2904 1625 2959 163

281 3022 562 3118 »πορεύσομαι
590 3024 695 3122 πρὸς
720 3023 822 3107 τοὺς
849 3024 1011 3120 ἁδροὺς
1037 3025 1109 3098 καὶ
1137 3023 1305 3099 λαλέσιο
1333 3025 1515 3108 αὐτοῖςσ.

780 3243 928 3338 Ὁμιλία
948 3241 1005 3346 ς’.)

331 3431 357 3488 1.
382 3417 520 3508 »Κύριει
547 3428 649 3508 φησὶν
674 3421 724 3492 »οί
747 3415 924 3511 ὀφθαλμοί
945 3446 1008 3493 σου
1029 3427 1075 3503 είς
1096 3429 1243 3493 πίστινι.
1281 3418 1330 3504 αἱς
1361 3417 1556 3510 »ὀφθαλμοί

247 3526 365 3607 κυρίου
395 3522 450 3589 ἐπὶ
480 3525 665 3604 δικαίουςι,
697 3517 765 3592 ἀπὸ
797 3521 859 3611 γὰρ
892 3519 1020 3594 ἀδίκων
1043 3518 1251 3611 ἀποστρέφει
1274 3518 1412 3604 αὐτούς,
1444 3513 1556 3602 οὕτως

195 3639 229 3692 25
248 3621 281 3690 οἱ
312 3612 489 3708 ὀφθαλμοί
519 3626 638 3708 κυρίου
669 3625 716 3702 είς
736 3628 866 3706 πίστιν,
899 3619 966 3694 ἀπὸ
989 3620 1052 3711 γὰρ
1078 3618 1235 3703 ἀπιστίας
1266 3618 1473 3710 ἀποστρέφει
1501 3615 1556 3692 αό-

248 3716 337 3801 τούς.
380 3717 432 3790 διὸ
458 3725 573 3801 καλῶς
599 3727 756 3792 λέλεκται
780 3718 848 3792 ἀπὸ
876 3728 942 3794 τοῦ
963 3727 1145 3805 νοοῦντος,
1176 3729 1211 3792 τί
1233 3728 1322 3810 λέγει
1343 3724 1380 3792 ἐν
1402 3728 1445 3809 τῇ
1468 3716 1556 3808 εὐχῇ,

248 3815 290 3888 τὸ
323 3815 446 3906 »κόριε,
478 3821 511 3889 οἱ
538 3811 715 3909 ὀφθαλμοί
742 3845 804 3892 σου
830 3826 878 3904 είς
902 3829 1048 3892 πίστινι.
1095 3818 1220 3910 τὸμὲν
1251 3812 1313 3892 οὖν
1335 3824 1486 3891 ἐνταῦθα
1507 3848 1557 3909 γε·

249 3923 441 4006 γραμμένον
463 3923 568 3989 ἐστίν·
594 3917 712 4007 »κύρια
736 3922 768 3989 οί
787 3914 963 4008 ὀφθαλμοί
978 3945 1039 3992 σου
1053 3926 1099 4003 είς
1113 3927 1259 3992 πίστινι.
1295 3923 1367 3990 ἐπεὶ
1383 3924 1418 3989 δὲ
1436 3916 1557 4008 »λόγον

161 4036 232 4091 233v
250 4016 361 4103 σοφὸν
388 4015 447 4087 ἐὰν
474 4014 599 4106 ἀκούσῃ
627 4016 837 4107 ἐπιστήμων,
866 4025 870 4106 Ι
895 4025 1016 4090 αίνέσει
1044 4016 1150 4091 αὐτὸν
1171 4027 1227 4090 καὶ
1248 4014 1304 4090 ἐπ’
1327 4015 1435 4090 αὐτὸν
1456 4042 1558 4106 προσ-

196 4137 232 4192 30
250 4113 383 4204 θήσειι,
418 4109 481 4205 ὅρα
506 4115 596 4189 πόσα
622 4123 715 4192 ἐστὶν
741 4124 878 4207 ποιήσαι
906 4116 973 4191 ἀπὸ
1002 4127 1066 4191 τοῦ
1091 4117 1213 4206 »κύριε,
1245 4121 1278 4188 οί
1299 4112 1475 4206 ὀφθαλμοί
1498 4141 1558 4187 σου

336 4321 351 4375 1
373 4318 436 4387 vgl.
449 4320 474 4374 S.
486 4322 528 4387 42,
545 4324 570 4377 4.
588 4351 620 4360 -
638 4323 694 4378 511.
714 4322 776 4393 Vgl.
796 4321 868 4376 Hier.
888 4323 991 4378 Comm.
1008 4323 1068 4378 866.
1086 4354 1118 4361 -
1136 4324 1153 4378 θ
1171 4324 1254 4376 Amos
1272 4325 1296 4388 3,
1317 4324 1356 4376 12.
1375 4352 1407 4359 -
1427 4321 1465 4376 ‘28
1484 4320 1558 4375 Psal.

251 4403 292 4467 33,
305 4403 345 4459 16.
355 4435 388 4442 -
399 4403 438 4458 ‘24
451 4403 513 4475 Vgl.
527 4404 634 4476 Olymp.
649 4407 704 4476 (Gh
716 4409 736 4469 Ι,
748 4407 821 4476 448)ι
834 4404 851 4475 ἢ
864 4401 908 4462 ἱίτι
920 4408 1012 4462 πίστιν
1024 4403 1150 4476 ἐπιζητεῖ
1160 4405 1230 4471 Θεὸς
1241 4408 1299 4461 κτλ.
1309 4436 1342 4443 -
1353 4406 1390 4459 28
1399 4404 1447 4460 Sir.
1461 4407 1502 4466 21,
1517 4409 1556 4461 15.

336 4572 351 4626 1
370 4567 428 4640 πρὸ
444 4569 572 4643 βραχέως
582 4573 608 4626 V
620 4572 784 4646 ροβραχέαις
795 4575 812 4628 S
825 4573 882 4644 [sic]
896 4572 951 4646 πρὸ
964 4572 1106 4646 βραχέοςὶί
1118 4573 1192 4628 Diels
1208 4575 1211 4640 ί
1229 4575 1245 4628 2
1259 4570 1299 4637 εἰς
1312 4571 1355 4626 Gh
1371 4573 1374 4639 Ι
1394 4573 1407 4626 λ
1423 4568 1514 4640 πένθη
1525 4571 1558 4624 S*

251 4652 351 4710 πένθει
363 4654 445 4708 ΒΘΟΠ-
461 4656 465 4723 ί
482 4658 595 4713 20-22
614 4651 730 4731 Εἰς-ς’
748 4659 818 4712 nach
838 4659 892 4712 den
910 4657 1014 4712 andern
1032 4647 1244 4712 Cherschriften.
