3702 5540
617 437 738 495 Homilie
756 439 789 493 V.
826 439 925 494 Jorem.
942 441 966 507 3,
985 438 1077 504 22-4,
1094 437 1118 492 8.
1480 441 1519 502 43

212 599 298 676 αάτά
325 600 484 676 άνατελεῖ
506 602 591 691 μετά
616 602 681 693 τὴν
706 600 842 692 μνήμην
863 598 995 684 αὐτῶν,
1023 597 1096 674 ἀλλ’
1120 595 1138 672 ό
1161 598 1243 683 θεὸς
1264 594 1351 672 αάτά
1373 595 1520 689 αὐξήσει·

214 704 298 792 »ἐγω
314 700 491 791 ἐφύτευσα,
505 699 677 786 Ἀπολλῶς
691 699 858 787 ἐπότισεν,
875 697 952 774 ἀλλ’
969 696 988 772 ό
1003 701 1086 785 θεὸς
1100 693 1270 790 ηόξησενι.
1298 707 1354 771 καὶ
1369 704 1399 770 εί
1415 708 1468 782 τίς
1482 727 1519 788 γε

212 801 391 892 δεδύνηται
411 809 622 892 κατανοῆσαι
643 802 705 886 τὰς
726 799 868 892 γραφάς,
888 793 992 886 οὗτος
1012 809 1201 890 πεποίηκεν
1222 807 1336 889 νέωμα
1351 807 1407 870 καί
1421 796 1520 887 ποιή-

210 928 270 986 σας
297 904 591 998 νέωμαιέσπειρεν
616 899 678 975 οὗκ
705 907 742 974 ἐν
770 899 944 984 ἀκάνθαις.
988 907 1097 973 ταῦτα
1124 900 1168 972 τὰ
1190 908 1363 990 σπέρματα
1387 902 1520 972 οἰκονο-

175 1017 319 1093 5μεῑται
348 999 416 1074 ἀπὸ
449 1007 534 1074 θεοῦ
566 997 628 1073 οὔκ
656 1009 831 1091 αἰφνίδιον
852 1009 1010 1093 γενέσθαι
1031 999 1168 1090 στάχυς,
1199 997 1310 1090 (ἀλλ’)
1333 997 1381 1082 αός
1404 1003 1441 1070 έν
1468 1005 1519 1087 τῷ

208 1103 297 1174 κατὰ
318 1100 463 1191 Μάρκου
485 1097 668 1192 εὐαγγελίῳ
690 1109 845 1192 »πρῶτον
865 1101 1000 1191 χόρτος,
1029 1101 1102 1174 εἶτα
1125 1097 1256 1188 στάχυς,
1285 1101 1358 1172 εἶτα
1381 1101 1519 1190 ἕτοιμον

209 1211 339 1290 γίνεται
363 1200 451 1291 πρὸς
474 1199 657 1291 θερισμόν.
693 1195 779 1274 όταν
801 1209 937 1292 γένηται
961 1205 1100 1292 ἕτοιμον
1121 1200 1209 1290 πρὸς
1231 1197 1408 1291 θερισμόν,
1430 1197 1519 1272 ἐλεύ-

210 1327 330 1374 σονται
352 1306 385 1374 οἱ
406 1306 461 1373 ἐπὶ
483 1301 547 1373 τὸν
568 1301 732 1392 θερισμόν
749 1298 1089 1393 ἐξαποστελλόμενοι·
1114 1295 1199 1373 ὅταν
1220 1307 1358 1390 γένηται
1382 1303 1520 1390 ἕτοιμον

208 1401 295 1490 πρὸς
335 1397 512 1492 θερισμόν,
552 1400 749 1474 ἐλεύσονται
783 1401 871 1492 πρὸς
907 1397 965 1484 οὓς
1002 1396 1021 1472 ό
1057 1397 1159 1491 λόγος
1195 1408 1310 1489 φησίν·
1355 1397 1518 1488 »ἐπάρατε

158 1514 192 1568 10
209 1501 291 1584 τούς
313 1495 515 1590 ὀφθαλμοὺς
536 1499 632 1590 ὑμῶν
652 1509 709 1573 καί
728 1499 899 1574 θεάσασθε
915 1501 976 1584 τάς
988 1501 1113 1590 χώρας,
1136 1495 1192 1572 ότι
1206 1507 1320 1572 λευκαί
1335 1505 1419 1571 εἰσιν
1433 1497 1519 1589 πρὸς

208 1599 373 1691 θερισμόν
395 1596 488 1690 ἧδηι.
532 1609 636 1692 φησίν
659 1594 722 1674 οὖν
744 1597 836 1690 ἡμῖν·
861 1600 1031 1673 »νεώσατε
1054 1603 1191 1684 ἑαυτοῖς
1213 1599 1382 1690 νειόματα,
1404 1597 1518 1689 καὶμὴ

208 1708 360 1790 σπείρετε
392 1696 448 1772 ἐπ’
473 1697 668 1784 ἀκάνθαιςι.
711 1699 772 1772 ἐάν
802 1707 837 1772 δέ
867 1706 950 1791 πρὶν
980 1697 1136 1789 καθάρης
1164 1722 1226 1772 σου
1249 1698 1314 1788 τὴν
1335 1698 1447 1789 ψυχὴν
1469 1700 1519 1770 ἔτι

209 1802 297 1887 ἔχων
320 1795 473 1883 ἀκάνθας
494 1805 670 1890 προ<σ>ίης
692 1807 743 1891 τῷ
767 1797 935 1872 διδάσκειν
956 1796 1171 1890 ἢδυναμένῳ
1186 1795 1208 1887 ἢ
1224 1805 1435 1889 νομιζομένῳ
1451 1793 1473 1887 ἢ
1488 1803 1518 1869 ἐ-

209 1907 473 1990 παγγελλομένῳ
496 1906 551 1971 καὶ
573 1907 670 1989 αἰτῇς
691 1897 876 1991 μαθήματα
897 1907 954 1971 καί
975 1907 1150 1991 σπέρματα
1170 1895 1390 1989 πνευματικά,
1412 1927 1518 1987 παρα-

157 2011 190 2064 15
208 2007 334 2085 βαίνεις
356 1999 421 2088 τὴν
444 2007 609 2089 λέγουσαν
630 1997 790 2090 ἐντολήν·
816 1999 877 2091 »μὴ
900 2009 1053 2092 σπείρετε
1076 1995 1132 2072 ἐπ’
1156 1995 1352 2080 άκάνθαιςι.

295 2105 429 2171 14.Καί
452 2100 527 2188 ἑξῆς
549 2099 666 2188 τούτῳ
689 2107 834 2188 λέγεται·
859 2097 1111 2192 τπεριτμὴθητε
1133 2105 1185 2189 τῷ
1208 2105 1282 2188 θεῷ
1301 2093 1438 2188 (ἀμῶν),
1461 2106 1518 2171 καί

208 2207 430 2290 περιτέμεσθε
451 2198 516 2288 τὴν
539 2196 767 2290 ἀκροβυστίαν
789 2205 851 2289 τῆς
872 2206 1011 2290 καρδίας
1032 2195 1158 2289 όμῶνι.
1198 2195 1449 2288 »περιτμῆθητε
1465 2205 1516 2288 τῷ

207 2307 281 2389 θεῷ
303 2294 433 2391 ὖμῶνι·
456 2294 649 2388 ἀναγκαίους
664 2296 862 2390 πρόσκειται
875 2299 916 2372 τὸ
935 2296 1185 2389 »περιτμὴθητε
1197 2305 1248 2388 τῷ
1265 2305 1337 2388 θεῷ
1360 2303 1372 2386 Ι
1391 2293 1517 2388 δμῶνι.
1538 2304 1590 2359 159

208 2395 344 2488 νοήσεις
358 2405 393 2471 δὲ
409 2395 493 2472 αὐτὸ
510 2396 578 2472 άπὸ
593 2405 658 2473 τοῦ
672 2404 945 2490 παραδείγματος
960 2407 1025 2472 τοῦ
1040 2403 1220 2486 αἰσθητοῦ·
1243 2405 1515 2488 περιτέμνονται,

155 2507 190 2562 20
207 2497 296 2569 κατά
314 2497 356 2570 τὸ
380 2497 547 2588 αἰσθητὸν
569 2507 667 2588 λέγω,
692 2495 733 2572 σά
754 2495 863 2588 μόνον
879 2504 911 2572 οἱ
926 2504 963 2570 ἐκ
978 2504 1163 2588 περιτομῆς
1178 2496 1266 2569 κατὰ
1284 2497 1348 2569 τὸν
1364 2505 1516 2580 Μωσέως

208 2593 325 2687 νόμον,
336 2594 425 2670 ἀλλὰ
438 2605 495 2670 καί
510 2597 611 2672 ἄλλοι
626 2607 761 2672 πολλοί.
785 2607 858 2672 τῶν
868 2605 1072 2688 Αἰγυπτίων
1083 2596 1259 2684 [εἰδώλοις]
1271 2600 1303 2668 οἰ
1313 2600 1411 2686 ἱερεῖς
1425 2627 1517 2685 περι-

208 2704 403 2786 τέμνονται,
427 2693 502 2770 ἀλλ’
524 2701 635 2787 ἐκείνη
658 2695 678 2790 ἦ
701 2697 869 2789 περιτομὴ
893 2697 1049 2781 εἰδώλοις
1071 2693 1239 2788 περιτομή
1262 2701 1354 2768 ἐστιν
1376 2703 1433 2768 καί
1455 2693 1517 2770 οὐκ

208 2799 301 2869 ἔστιν
322 2803 374 2886 τῷ
397 2803 470 2887 θεῷ
492 2806 652 2889 γινομένη
674 2795 857 2888 περιτομή·
889 2794 968 2886 ἡδὲ
989 2793 1161 2870 Ἰουδαίων
1183 2793 1285 2884 τάχα,
1316 2792 1460 2878 πάντως
1482 2801 1517 2868 δὲ

121 2917 191 2971 231r
208 2891 289 2968 τότε
316 2903 368 2986 τῷ
396 2904 469 2986 θεῷ
498 2902 638 2985 ἐγίνετο.
682 2899 742 2970 ἐὰν
769 2889 831 2969 οὖν
859 2907 863 2981 Ι
891 2905 971 2986 λέγη
999 2891 1156 2986 όλὸγος·
1190 2893 1442 2986 »περιτμὴθητε
1464 2903 1516 2985 τῷ

155 3019 189 3073 25
208 3003 280 3086 θεῷ
303 2991 431 3086 ἀμῶνι,
454 2994 580 3086 νοήσας
602 2997 644 3069 τὸ
666 2997 774 3088 ῥητὸν
789 2994 956 3087 μετάβηθι
971 3003 1026 3068 καὶ
1041 3000 1096 3068 ἐπὶ
1113 2995 1178 3086 τὴν
1194 3003 1438 3086 τροπολογίαν,
1462 2999 1518 3069 ἵνα

207 3088 305 3184 εῧρης
327 3103 403 3178 πῶς
425 3103 498 3168 τῶν
520 3105 821 3189 περιτεμνομένων
842 3103 1105 3187 τροπολογικῶς
1126 3092 1228 3184 (ὥστ’
1244 3093 1287 3169 ἀν
1308 3103 1416 3168 εἰπεῖν
1432 3092 1518 3184 τάχα

207 3194 304 3278 τινάς
327 3189 457 3268 αότῶν·
476 3192 582 3287 »ἡμεῖς
604 3203 702 3287 ἐσμεν
721 3193 948 3288 ἦπεριτομὴ<Ι
964 3200 1072 3286 οἱμὲν
1087 3204 1350 3286 περιτέμνονται
1366 3203 1418 3286 τῷ
1433 3204 1517 3287 θεῷ,

207 3299 301 3367 αἰδὲ
326 3304 590 3386 περιττέμνοναι
617 3304 690 3388 μέν,
724 3292 765 3368 αὖ
790 3302 843 3386 τῷ
872 3303 944 3386 θεῷ
968 3301 1012 3368 δέ.
1055 3301 1139 3368 εἰσὶν
1162 3302 1274 3367 δὲκαὶ
1297 3295 1398 3369 ἄλλοι
1420 3292 1518 3384 λόγοι
1597 3329 1601 3338 ’

205 3393 300 3484 παρὰ
321 3393 385 3467 τόν
408 3391 514 3484 λόγον
535 3395 600 3469 τὸν
621 3403 684 3486 τῆς
707 3393 879 3486 ἀληθείας,
902 3394 996 3485 παρὰ
1016 3394 1081 3467 τὸν
1104 3391 1210 3484 λόγον
1233 3393 1296 3466 τόν
1318 3401 1381 3486 τῆς
1402 3401 1518 3486 ἐκκλη-

154 3519 190 3574 30
207 3501 288 3577 σίας.
330 3503 593 3585 περιτέμνονται
620 3496 664 3568 τά
689 3491 759 3585 ἤθη
785 3501 840 3567 καί
863 3495 928 3585 τὴν
949 3502 1092 3584 καρδίαν
1120 3492 1167 3578 ὥς
1189 3525 1227 3566 τε
1250 3500 1357 3567 εἰπεῖν
1383 3519 1518 3586 σωφρο-

207 3602 357 3681 νίζουσιν
381 3599 413 3667 οί
435 3601 720 3683 φιλοσοφοῦντες,
744 3605 1018 3686 σωφρονίζουσιν
1041 3599 1074 3668 οί
1097 3590 1166 3667 άπὸ
1187 3601 1262 3666 τῶν
1284 3599 1447 3685 αἱρέσεων
1461 3601 1518 3666 καί

207 3702 335 3781 γίνεται
358 3691 475 3777 αὐτοῖς
496 3692 672 3785 περιτομή.
707 3691 794 3768 ἀλλὰ
815 3695 983 3786 περιτομὴ
1005 3702 1082 3784 μέν,
1114 3690 1155 3767 οὐ
1177 3701 1229 3784 τῷ
1251 3701 1324 3784 θεῷ
1348 3699 1396 3766 δέ·
1426 3723 1518 3783 περι-

207 3792 294 3884 τομὴ
316 3794 380 3884 γὰρ
403 3790 497 3885 λόγῳ
520 3801 638 3881 ψευδεῖ
656 3791 736 3886 παρ’
759 3800 902 3879 ἐκείνοις
923 3803 1061 3884 γίνεται.
1105 3788 1191 3866 ὅταν
1214 3800 1250 3864 δὲ
1271 3793 1360 3865 κατὰ
1382 3792 1446 3866 τὸν
1468 3798 1518 3866 ἐκ·

291 3964 310 4019 2
328 3965 418 4020 IKor.
430 3966 454 4032 3,
467 3967 491 4022 6.
514 3995 548 4005 -
574 3966 593 4021 6
611 3964 676 4036 Vgl.
688 3965 777 4019 Mark.
790 3969 816 4031 4,
828 3968 870 4022 28.
893 3996 926 4005 -
955 3966 969 4020 7
989 3963 1129 4033 vg1.J0h.
1142 3967 1166 4026 4,
1179 3965 1221 4019 35.
1242 3993 1275 4004 -·
1299 3965 1317 4020 8
1335 3963 1400 4034 Vgl.
1418 3963 1518 4018 Ματθία

206 4051 230 4114 θ,
243 4049 284 4105 38
301 4079 334 4089 -
352 4049 372 4104 θ
390 4049 450 4102 ἰοία
463 4052 488 4116 4,
500 4050 542 4105 35.
561 4079 594 4089 -
613 4051 651 4105 27
672 4049 736 4119 vgl.
749 4049 820 4104 Phil.
833 4053 857 4116 3,
870 4052 894 4106 3.
912 4081 946 4089 -
963 4048 1040 4106 2811.
1059 4049 1123 4118 Vgl.
1136 4067 1158 4104 τ.
1171 4049 1202 4103 Β.
1215 4048 1244 4102 in
1257 4050 1270 4103 I
1283 4049 1347 4104 Κατ.
1360 4051 1383 4110 7,
1397 4049 1431 4104 20
1448 4047 1518 4116 (Cat.

206 4133 294 4188 Cram.
307 4133 339 4196 V,
354 4133 411 4198 138,
425 4135 513 4202 2θίίΙε
540 4141 590 4190 νῦν
607 4133 637 4190 δὲ
655 4127 730 4190 ἔστιν
748 4129 840 4207 εὑρεῖν
858 4135 907 4190 καί
923 4137 1060 4208 μοχθηρᾷ
1077 4131 1216 4206 προθέσει
1233 4129 1377 4204 ἀγάμους·
1403 4129 1432 4187 σί
1448 4137 1519 4202 γοῦν

206 4213 265 4272 ἀπὸ
278 4217 453 4290 Μαρκίωνος
471 4215 589 4275 ἀσκοῦσι
605 4219 655 4274 καί
672 4215 755 4275 αἰποί
771 4221 822 4287 τὴν
839 4216 967 4290 ἀγαμίαν
984 4220 1033 4274 καί
1048 4219 1100 4286 τὴν
1116 4215 1311 4289 καθαρότητα,
1330 4210 1391 4272 ἀλλ’
1409 4213 1461 4286 οὐχ
1478 4209 1519 4282 ὡς
1611 4215 1613 4220 ’

207 4297 236 4355 οἳ
254 4297 491 4372 ἐιαιλησιαστικοί·
511 4294 590 4358 οὗτοι
607 4299 663 4376 γὰρ
679 4295 721 4358 ἵν’
738 4299 862 4376 ἀρέσωσι
878 4309 918 4377 τῷ
936 4303 1063 4359 κτίσαντι
1079 4299 1132 4358 τὸν
1148 4301 1259 4371 κόσμον
1276 4304 1336 4374 θεῷ
1349 4305 1406 4356 κτλ

295 4438 312 4495 1
332 4433 405 4494 αἰπὰ
422 4437 491 4493 vco
509 4429 580 4494 ἀττα
599 4438 616 4492 S
634 4456 668 4492 w.
681 4455 703 4492 e.
716 4439 772 4493 sch.
791 4439 797 4508 Ι
816 4434 951 4495 ἀνατελεῖ
965 4439 1044 4494 Βίεεε
1062 4433 1227 4494 ἀναστέλλει
1245 4436 1263 4491 S
1278 4437 1282 4503 Ι
1297 4439 1313 4493 5
1332 4428 1392 4492 ἀλλ’
1404 4435 1442 4490 Co
1458 4435 1462 4502 Ι
1478 4435 1519 4490 14

208 4519 288 4591 αἰτῇς
298 4519 344 4576 Ηιι
361 4519 449 4589 αἰτεῖς
466 4523 484 4578 S
499 4524 504 4592 Ι
520 4523 557 4580 Ῑθ
568 4517 648 4592 ὑμῶν
660 4523 698 4578 Co
713 4523 717 4590 Ι
734 4523 834 4578 21-8.
846 4526 888 4590 46,
901 4525 918 4578 5
930 4522 1031 4578 Hiorzu
1043 4523 1150 4592 Fragm.
1165 4523 1197 4576 16
1208 4521 1238 4574 in
1249 4519 1282 4576 G:
1295 4517 1518 4593 Περιτὲμνονται

207 4607 394 4676 -γενὴσεται
408 4609 412 4675 Ι
428 4609 464 4663 25
482 4601 562 4676 ὑμῶν
580 4604 605 4659 V
622 4605 703 4676 ἡμῶν
718 4606 744 4661 S.
