3694 5542
735 411 876 482 Origenes'
893 411 1153 469 Jerominhomiiien.

682 645 740 712 Nr.
760 645 845 712 Xlll.
888 647 1003 713 Jerem.
1019 651 1068 728 22,
1086 653 1215 714 14-17.

380 797 445 880 (87)
475 795 596 874 Εέποις
625 787 724 892 δ’·άυ
754 798 810 863 καί
839 800 917 881 περὶ
948 800 1022 864 τῶν
1051 789 1372 879 φευδοδιδασκάλων
1402 786 1606 876 ἀκολούθως

298 912 371 975 τοῖς
405 887 560 980 πρόσθεν
595 897 757 980 εἰρῆσθαι.
801 887 850 975 ῶς
884 889 949 981 γάρ
985 915 1088 981 φησιν
1119 886 1138 962 δ
1168 899 1351 981 Σολομῶν·
1391 886 1427 963 »ὁ
1458 897 1607 981 ἐνεργῶν

297 999 552 1088 θησαυρίσματα
573 990 710 1078 γλώσσῃ
732 997 849 1078 ψευδεῖ
866 989 994 1079 μάταια
1016 990 1138 1075 διώκει,
1160 996 1215 1062 καί
1236 990 1405 1063 ἐλεύσεται
1421 997 1468 1075 είς
1482 997 1607 1081 παγίδα

263 1089 483 1162 noandum«.
527 1093 560 1161 οί
595 1089 660 1179 γὰρ
694 1097 849 1162 τοιοῦτοι
884 1095 1123 1179 οἰκοδομοῦσιν
1156 1091 1289 1174 ἑαυτοῖς
1326 1095 1433 1174 οἰκίας
1464 1087 1607 1180 ὀνόματι

245 1205 248 1212 “
299 1196 489 1279 ἐκκλησίας,
520 1184 598 1278 ἥτις
628 1195 698 1262 ἐστὶ
731 1196 1065 1280 νπονηρευομένωνι,
1095 1189 1182 1277 πρὸς
1214 1186 1273 1271 οῦς
1303 1197 1436 1279 λέγεται
1465 1188 1535 1280 μετ’
1563 1195 1606 1263 εί-

299 1298 452 1380 ρωνείας·
481 1285 739 1380 ρδκοδόμησας
769 1296 926 1380 σεαυτῷ
957 1289 1073 1361 οἶκον
1104 1288 1343 1380 σύμμετρον,
1366 1286 1529 1380 ῦπερῶα
1550 1291 1608 1379 δι-

298 1386 431 1462 πιστά·
461 1393 498 1461 ἐν
525 1387 577 1472 οἶς
602 1385 770 1480 ᾠήθησαν
795 1385 975 1479 ἀναψυχήν
1001 1386 1262 1479 ρδκοδομηκέναι.
1306 1388 1361 1460 διὰ
1383 1394 1419 1461 δὲ
1441 1396 1516 1461 τῶν
1537 1399 1606 1460 θυ-

300 1496 425 1577 ρίδων
455 1493 518 1560 οἴει
543 1494 775 1575 πεφωτικέναι
802 1493 895 1575 φωτὶ
921 1487 1081 1577 γνώσεως
1107 1488 1151 1560 τά
1173 1485 1427 1578 οίκοδομήματά
1449 1512 1524 1574 σου,
1551 1496 1606 1560 καὶ

249 1602 283 1658 10
300 1585 465 1680 ἀσήπτοις
486 1586 620 1675 ξύλοις
641 1590 687 1669 είς
710 1584 774 1677 τήν
793 1587 978 1677 οἰκοδομήν
993 1594 1055 1677 τῆς
1070 1593 1178 1670 οἰκίας
1191 1594 1385 1677 κεχρῆσθαι,
1407 1595 1464 1660 καί
1484 1597 1547 1678 χρί
1553 1616 1608 1672 εις

299 1688 355 1760 διὰ
376 1695 522 1778 μίλιον
538 1685 742 1776 μιμούμενος
757 1683 799 1757 τό
815 1686 895 1777 αίμα
911 1694 1070 1775 Χριστοῦ.
1106 1693 1171 1777 (88)
1194 1681 1269 1759 ἀλλ’
1284 1683 1326 1758 οῦ
1345 1686 1607 1773 βασιλεύσεις,

300 1792 329 1860 εἰ
349 1795 405 1858 καί
431 1784 703 1876 παρωξύνθης
725 1790 767 1857 ἐν
788 1791 916 1876 κέδρῳ
939 1793 1010 1857 τοῦ
1031 1783 1184 1875 πατρός
1206 1809 1286 1859 σου.
1328 1791 1473 1874 κέδρος
1495 1781 1514 1858 ό
1536 1816 1607 1858 πα-

300 1886 375 1977 τήρ
397 1892 460 1957 τοῦ
482 1881 701 1975 ἀμαρτωλοῦ,
724 1890 866 1975 δένδρον
888 1913 923 1956 τι
943 1881 1086 1973 ῦφηλόν,
1108 1883 1340 1976 ῦπερήφανον,
1367 1881 1608 1974 ἀντικείμενον,

300 1981 320 2057 ῦ
351 1982 508 2070 διάβολος
538 1982 560 2075 ή
591 1981 610 2058 ό
641 1984 755 2073 λόγων
780 1991 967 2075 μοχθηρῶν
997 1983 1121 2073 ἄρχων.
1164 1990 1195 2057 οἱ
1223 1991 1260 2057 δέ
1287 1992 1431 2058 τοιαῦτα
1452 1990 1609 2056 οἰκοδο-

250 2099 283 2152 15
301 2083 500 2176 μήσαντες
529 2092 617 2176 λιμῷ
651 2082 877 2158 ἀπολοῦνται·
915 2082 960 2156 οῦ
991 2085 1054 2175 γὰρ
1088 2079 1288 2175 φάγονται
1319 2081 1397 2156 οῦδὲ
1426 2093 1608 2167 πίονται,

302 2180 376 2258 ἀλλ’
398 2181 477 2259 οῦδὲ
507 2185 771 2274 δικαιοσύνην
802 2187 983 2274 ἔγνωσαν
1012 2183 1058 2274 μή
1084 2181 1275 2273 ἐγνωκότες
1302 2180 1467 2273 Χριστόν·
1498 2183 1540 2256 τὸ
1566 2183 1610 2256 τά

301 2290 414 2357 δίκαια
440 2289 477 2357 δὲ
502 2281 669 2374 πράττειν
697 2289 798 2369 ίδιον,
821 2291 918 2373 φησί,
942 2289 1016 2355 τῶν
1045 2279 1290 2373 γινωσκόντων
1316 2282 1381 2356 τόν
1401 2280 1494 2356 θεόν.
1536 2289 1611 2355 τῶν

302 2390 340 2456 δέ
364 2385 409 2476 μή
437 2382 611 2457 τοιούτων
632 2375 712 2454 οῦτε
739 2386 776 2456 οἱ
798 2379 1005 2472 ὀφθαλμοί
1030 2391 1146 2456 καλοὶ
1171 2381 1217 2473 μή
1238 2387 1424 2469 βλέποντες
1445 2381 1510 2472 τήν
1533 2379 1610 2471 ἀλή-
1731 2429 1738 2446 .

303 2495 411 2568 θειαν,
435 2475 515 2555 οῦτε
537 2479 558 2573 ἦ
576 2489 718 2572 καρδία
739 2489 879 2570 ψευδῶν
898 2489 1148 2571 πεπληρωμένη
1164 2479 1354 2572 δογμάτων,
1378 2479 1419 2553 δι’
1435 2474 1486 2554 ῶν
1504 2477 1609 2569 σφάλ-

251 2592 287 2648 20
304 2595 425 2666 λοντες
447 2582 583 2671 ἑτέρους
606 2581 848 2671 φονεύουσιν
871 2579 987 2654 αῦτῶν
1007 2582 1068 2664 τάς
1090 2580 1206 2672 ψυχάς,
1229 2583 1324 2671 αίμα
1345 2579 1484 2654 ἀθῶον
1506 2585 1609 2670 ἐκχέ-

304 2711 421 2765 οντες
449 2683 590 2771 γλῶττη
620 2689 737 2770 φευδεε
765 2689 821 2754 καί
851 2687 957 2774 δολία.
1000 2687 1106 2753 τοῦτο
1133 2688 1168 2753 δέ
1194 2687 1256 2772 τῆς
1282 2680 1338 2754 διά
1360 2688 1479 2768 ξίφους
1499 2699 1610 2770 χεῖρον

303 2807 442 2872 “wm-

694 2936 752 3004 Nr.
774 2935 857 3002 XIV.
900 2936 1016 3003 Jerom.
1031 2941 1079 3017 22,
1093 2943 1225 3006 24-26.

386 3087 450 3170 (89)
482 3081 547 3154 Τὸν
568 3079 740 3169 Ἰωυκεὶμ
762 3085 890 3152 τοῦτον
911 3075 1098 3170 Ἰεχονίαν
1111 3078 1264 3171 Ἱερεμίας
1277 3093 1381 3168 καλεῖ,
1403 3083 1468 3154 τὸν
1483 3088 1519 3154 δὲ
1534 3079 1610 3151 τοῦ·

250 3194 284 3249 25
303 3210 366 3254 του
395 3188 526 3270 πατέρα
550 3177 715 3267 Ἐλιακεὶμ
744 3178 1083 3270 προσαγορευόμενον
1115 3178 1288 3271 Ἰωακείμ
1323 3181 1457 3255 ἐκάλεσε
1486 3181 1610 3268 Νεχαῶ

305 3281 440 3368 Φαραῶ,
470 3273 511 3352 ῦν
537 3277 670 3352 ἀνελῶν
696 3273 715 3352 δ
739 3278 962 3364 Βαβυλώνιος
987 3278 1055 3369 πρὸ
1082 3286 1143 3370 τῆς
1168 3280 1278 3370 πύλης
1304 3279 1538 3372 ἀπέρριψεν,
1563 3276 1611 3362 ῶς

301 3375 319 3450 ὁ
350 3382 474 3468 πυρῶν
502 3377 683 3470 προφήτης
709 3385 796 3468 λέγει
822 3385 878 3448 καὶ
898 3374 1086 3468 Ἰῶσηππος
1111 3385 1150 3451 ἐν
1176 3387 1218 3469 τῇ
1244 3378 1368 3468 δεκάτη
1395 3386 1457 3470 τῆς
1478 3377 1610 3469 ἀρχαιο-

301 3485 423 3567 λογίας.
453 3477 494 3551 τό
510 3483 546 3550 δέ
560 3473 872 3568 ἀποσφράγισμα
894 3485 1064 3570 σφραγὶς
1078 3483 1246 3567 ἐξέδωκαν
1259 3481 1291 3552 οἱ
1306 3487 1440 3553 Λοιποί.
1469 3485 1611 3568 σφραγίς

387 3665 445 3724 211.
463 3665 528 3736 vgl.
546 3663 620 3720 Hier.
638 3664 740 3720 Comm.
760 3666 823 3721 991:
852 3665 998 3720 Possumus
1025 3669 1118 3721 nubem
1144 3667 1218 3721 huno
1243 3664 1335 3722 looum
1357 3665 1440 3736 juria
1467 3681 1611 3736 anagogen

299 3750 399 3802 contro
426 3750 579 3804 haereticos
606 3749 728 3821 aooipero
830 3748 868 3804 nt
889 3750 941 3821 ipni
964 3750 1075 3819 quidem
1097 3751 1253 3822 passionom
1270 3751 1381 3806 Domini
1404 3754 1433 3806 εί
1449 3749 1611 3820 sangninem

304 3833 470 3904 pollioontur
487 3872 574 3890 .....
592 3833 773 3902 Erroremquo
799 3849 909 3888 omnem
936 3831 1004 3888 dieii
1030 3831 1096 3888 inde
1120 3834 1295 3902 descendere,
1322 3835 1397 3904 qnod
1422 3833 1612 3905 ignoraverim

299 3915 388 3972 Deum
406 3957 433 3971 ..
450 3957 477 3972 ..
494 3919 524 3972 et
546 3916 721 3988 doooptornm
744 3917 907 3987 sanguinem
929 3916 1054 3972 fundano
1089 3917 1150 3974 Eoo
1166 3923 1209 3976 osi
1225 3918 1300 3974 onim
1317 3920 1407 3974 inoero
1424 3917 1611 3974 homicidium.

299 4030 332 4040 -
351 4000 370 4057 8
389 4002 469 4056 Prov.
489 4001 531 4068 21,
549 4003 573 4056 6.
591 4030 625 4039 -
641 4002 659 4056 δ
678 4001 739 4071 Vgl.
757 4001 831 4056 Psoi.
849 4003 890 4068 25,
909 4004 933 4056 5.
951 4031 985 4040 -
1003 4002 1040 4058 21
1066 4001 1130 4073 vgl.
1148 4004 1246 4060 dorem
1264 4005 1356 4069 221?
1380 4003 1540 4058 moun:
1562 4002 1612 4056 καί

300 4080 348 4140 έπί
365 4087 415 4154 τὴν
434 4085 634 4156 ωικοφαντίαν.
649 4115 682 4125 -
698 4085 790 4154 25120
809 4085 873 4157 vgl.
891 4086 999 4142 11Kon.
1018 4089 1059 4154 23,
1076 4087 1255 4147 31-2811.
1274 4087 1338 4159 Vgl.
1356 4087 1401 4142 dio
1418 4088 1549 4157 Deutung
1564 4086 1611 4140 der

299 4169 373 4240 Orig.
393 4186 442 4224 aus
460 4169 485 4224 d
503 4171 528 4224 5.
541 4169 639 4223 Strom
657 4169 703 4224 bei
720 4170 793 4225 Hier.
806 4171 909 4226 Comm.
921 4171 980 4226 994.
993 4202 1025 4211 -
1038 4171 1102 4242 vgl.
1114 4173 1224 4244 Josoph.
1233 4172 1377 4228 Arohnool.
1390 4175 1431 4232 10,
1444 4175 1468 4238 5,
1481 4172 1498 4226 2
1510 4189 1536 4226 u.
1549 4173 1573 4238 6,
1587 4172 1611 4226 3.

384 4318 403 4373 0
423 4316 496 4391 πρὸς
514 4310 592 4384 oie-0
612 4319 617 4387 Ι
639 4320 653 4374 ί
674 4314 765 4394 ἐαυτῷ
784 4338 800 4374 o
820 4323 825 4388 Ι
845 4322 864 4378 8
883 4317 981 4390 ὢὴθης
999 4338 1015 4376 ο
1030 4323 1035 4390 Ι
1050 4321 1070 4377 0
1086 4341 1143 4391 μου
1161 4323 1192 4376 o*
1213 4339 1264 4378 σου
1282 4335 1362 4378 οωπ·
1377 4323 1382 4390 Ι
1399 4323 1439 4379 10
1457 4319 1611 4391 οίκομιΙνο

300 4401 367 4472 (ng.
385 4403 411 4458 S.
429 4405 487 4468 203,
508 4403 549 4470 14)
570 4405 575 4470 Ι
597 4402 633 4458 12
650 4402 775 4474 δένδρον]
792 4403 894 4475 κέδρον
912 4423 929 4460 ο
944 4410 948 4472 Ι
965 4406 1002 4462 14
1019 4404 1323 4474 οίκοοίκοδομήσαντες
1340 4425 1357 4462 o
1372 4409 1376 4475 Ι
1393 4408 1432 4464 lo
1450 4405 1494 4477 τὸ]
1511 4413 1552 4462 τῶ
1569 4423 1586 4460 o
1606 4408 1611 4472 Ι

301 4486 340 4543 18
358 4485 529 4558 βλίττοντες
547 4505 563 4542 o
578 4487 583 4553 Ι
599 4487 636 4542 20
653 4483 808 4558 ἐκχέοντες]
821 4495 854 4552 -Ι-
866 4494 901 4558 τῇ
918 4506 934 4544 o
949 4491 954 4556 Ι
970 4490 1007 4544 21
1027 4491 1115 4558 ψευδῆ
1132 4493 1180 4546 καί
1192 4490 1271 4546 δόλια
1290 4507 1305 4544 o
1320 4493 1324 4558 Ι
1340 4491 1381 4547 24
1394 4491 1505 4560 τοῦτον]
1519 4498 1551 4554 -Ι-
1563 4491 1611 4546 καί

300 4570 392 4636 0125
410 4567 521 4639 έλιακίμ
540 4589 556 4626 o
572 4573 576 4638 Ι
592 4570 630 4626 27
650 4581 699 4639 τῆς
716 4569 928 4643 ἀρχαιολογίας]
947 4569 1135 4645 ἀρχαιολογία
1153 4591 1178 4629 o.
