3702 5540
298 401 339 462 40
734 391 873 464 Origenou’
893 392 1153 450 Joremiuhomilien.

297 548 409 639 οῦτως
434 561 491 627 καί
517 557 572 627 ἐπὶ
598 561 660 646 τῇς
685 559 909 647 ἐπιστροφῆς,
940 557 1027 648 πρὸς
1048 555 1089 630 τό
1112 563 1253 640 τελείως
1273 561 1330 628 καὶ
1350 562 1513 644 καθαρῶς
1535 561 1604 628 ἐπι-

297 663 440 744 στρέψαι
461 654 547 744 πρός
568 655 633 728 τόν
654 653 748 728 θεόν.

374 767 422 827 11.
430 751 502 826 Ἐπὶ
510 753 649 840 τούτοις
658 763 735 846 περὶ
745 763 808 829 τοῦ
817 753 943 848 Ἰσραὴλ
954 765 1044 848 λέγει
1053 752 1073 830 6
1081 754 1176 840 θεός
1189 755 1267 828 »ἐὰν
1276 761 1468 845 ἐπιστραφῇ
1476 750 1605 844 Ἰσραὴλ

297 852 385 946 πρός
406 884 455 946 με,
477 862 566 944 λέγει
586 855 711 946 κῦριος,
733 864 789 930 καί
804 855 1123 949 ἐπιστραφῇσεταιι·
1146 864 1335 942 τουτέστιν,
1358 855 1451 945 <ἐάν>
1467 862 1605 938 τελείως

262 960 499 1045 δέπιστρέψῃ,
520 962 575 1028 καὶ
597 955 883 1048 ἐπιστραφῇσεται
904 963 1110 1048 ἐπιστροφῇ,
1132 953 1212 1045 <οῦκ
1234 956 1311 1046 ἐάν)
1335 959 1441 1029 οἱονεί
1464 953 1605 1044 ἄρξηται

298 1057 522 1144 ἐπιστρέφειν.
565 1054 638 1128 είτά
660 1081 753 1147 φησι·
789 1064 862 1130 »καὶ
883 1056 944 1130 ἐὰν
965 1065 1101 1145 περιέλῃ
1122 1056 1166 1128 τά
1187 1053 1397 1146 βδελῦγματα
1412 1059 1424 1144 ΙΙ
1439 1050 1547 1127 αῦτοῦ
1569 1058 1606 1124 ἐκ
1628 1060 1678 1115 156

298 1161 362 1227 τοῦ
384 1154 552 1245 στόματος
574 1152 694 1242 αῦτοῦ,
720 1163 777 1229 καί
798 1154 867 1230 άπό
889 1157 1081 1245 προσώπου
1101 1184 1166 1246 μου
1188 1152 1375 1244 εῦλαβηθῇ,
1405 1161 1461 1226 καὶ
1483 1149 1604 1243 όμόσῃ·

299 1262 339 1343 ζῇ
363 1255 479 1384 κύριρς
505 1260 543 1328 ἐν
569 1252 712 1349 ἀληθείᾳ
738 1265 795 1330 καί
820 1260 858 1332 ἐν
884 1267 989 1349 κρίσει
1014 1263 1070 1329 καί
1091 1259 1129 1329 ἐν
1151 1254 1361 1344 δικαιοσύνῃ,
1391 1261 1448 1326 καὶ
1470 1250 1607 1342 εῦλογὴ·

299 1377 416 1428 σονσιν
437 1361 475 1428 ἒν
489 1352 584 1447 αῦτῳ
567 1358 716 1445 ἐθνηι.
754 1357 815 1429 ἐὰν
829 1355 911 1430 τάδε
926 1354 1126 1446 ποιήσωσιν,
1152 1351 1475 1444 εεῦλογῇσου<σιν>ἐ
1477 1349 1606 1443 ναῦτῴ

246 1463 281 1520 10
299 1456 415 1542 ἐθνηι.
459 1465 536 1528 τίνα
563 1427 598 1526 δὲ
629 1454 709 1528 τάδε
742 1454 945 1547 ποιήσωσιν,
978 1460 1034 1530 ἵνα
1064 1453 1294 1545 εῦλογήσωσιν
1319 1459 1357 1526 ἐν
1384 1450 1478 1544 αῦτῷ
1506 1455 1609 1541 ἐθνη;

303 1553 381 1627 »ἐὰν
407 1562 544 1643 περιέλῃ
569 1557 613 1627 τά
639 1555 850 1647 βδελῦγματα
871 1554 1037 1629 αῦτοῦέκ
1058 1562 1124 1629 τοῦ
1145 1544 1320 1646 στόματος
1337 1550 1473 1625 αῦτοῦι.
1516 1561 1551 1622 τί
1573 1557 1608 1622 δε

299 1653 341 1725 τό
367 1667 533 1744 περιελεῖν
553 1655 609 1727 >τόι
630 1657 899 1748 βδελύγματαέκ
878 1663 985 1730 κτοῦ
1007 1655 1205 1746 στόματοςη·
1235 1649 1298 1727 όσα
1319 1661 1433 1736 κακῶς
1456 1659 1607 1741 λέγομεν

300 1753 510 1844 βδελῦγματά
537 1761 622 1828 εἰσιν
647 1763 685 1830 ἐν
711 1766 762 1849 τῷ
789 1756 933 1848 στόματι
959 1754 1064 1847 ἡμῶν.
1099 1765 1310 1847 περιέλωμεν
1331 1763 1452 1825 τοίνυν
1474 1750 1517 1824 τά
1539 1758 1610 1838 βδε-

301 1852 453 1944 λῦγματα
479 1861 516 1928 ἐκ
543 1862 606 1928 τοῦ
632 1855 802 1947 στόματος
825 1854 936 1948 ἡμῶν,
960 1863 1215 1947 περιαιροῦντες
1238 1849 1459 1937 καταλαλιάς,
1488 1849 1610 1940 λόγους

249 1960 282 2014 15
300 1963 475 2043 ματαίους,
497 1953 621 2047 άργοῦς
643 1954 766 2046 λόγους
786 1964 842 2028 καί
863 1964 1052 2046 μέλλοντας
1075 1953 1159 2046 ἡμᾶς
1181 1974 1293 2028 ποιεῖν
1316 1957 1531 2043 ἐγκαλεῖσθαι
1556 1955 1611 2022 »ἐν

302 2049 407 2144 ἡμέρᾳ
428 2063 582 2140 κρίσεως·
604 2061 641 2128 ἐκ
662 2057 726 2147 γὰρ
747 2064 821 2129 τών
834 2056 950 2179 λόγων
965 2080 1027 2129 σου
1042 2053 1262 2146 δικαιωθήσῃ,
1285 2060 1340 2125 καὶ
1355 2059 1392 2125 ἐκ
1407 2060 1481 2124 τών
1496 2049 1611 2140 λόγων

303 2248 544 2344 εῦλογήσουσιν
565 2259 603 2328 ἐν
624 2253 720 2348 αὐτῷ
735 2259 829 2346 ἔθνη,
851 2265 908 2328 καὶ
923 2262 961 2330 ἐν
976 2253 1070 2347 αῦτῴ
1084 2259 1277 2328 Ιαίνέσουσιν
1291 2261 1342 2343 τῷ
1359 2259 1432 2342 θεῷ
1448 2256 1485 2325 ἐν
1498 2247 1612 2340 Ἰερου-

302 2351 441 2444 σαλῇμι,
463 2353 661 2446 ποιήσωμεν
682 2355 728 2428 τά
749 2352 811 2429 άπ’
833 2353 937 2476 άρχῇς
959 2364 1124 2447 εἰρημένα
1159 2373 1262 2428 ποῖον
1285 2359 1321 2425 δέ
1342 2360 1500 2442 πρώτον,·
1520 2380 1612 2438 περι-

249 2455 285 2510 2⁰
303 2465 392 2525 ελεῖν
422 2452 483 2524 »τά
508 2454 718 2578 βδελῦγματα
744 2461 782 2527 ἐκ
808 2463 871 2529 τοῦ
897 2455 1085 2548 στόματοςι
1115 2453 1220 2545 ἡμῶν.
1270 2455 1345 2542 εξῇς
1371 2457 1463 2525 ἐστιν
1488 2458 1544 2523 καὶ
1571 2448 1612 2520 τὸ

306 2549 393 2626 ιάπό
420 2560 483 2627 τοῦ
508 2555 698 2644 προσώπου
722 2584 789 2645 μου
815 2553 1060 2677 εῦλαβηθήσῃι.
1081 2554 1255 2724 ἐδεῦτερον
1277 2559 1384 2626 τοῦτο
1405 2548 1612 2642 ποιήσωμεν,

304 2649 365 2740 οῦχ
387 2649 515 2736 άπλώς,
537 2657 593 2727 vva
615 2651 871 2746 εῦλαβηθώμεν·
894 2653 980 2744 τάχα
1004 2653 1066 2746 γάρ
1081 2659 1174 2726 ἐστιν
1189 2651 1343 2740 εὐλάβεια
1357 2659 1529 2772 γινομένη,
1552 2646 1613 2722 οῦκ

304 2749 373 2826 άπὸ
399 2754 590 2843 προσώπου
615 2762 651 2827 δὲ
672 2763 736 2830 τοῦ
757 2763 851 2829 θεοῦ.
894 2760 927 2827 οἱ
948 2762 1033 2880 γοῦν
1056 2753 1117 2829 οῦκ
1138 2751 1374 2844 ἐπιστημόνως
1397 2748 1613 2840 φοβούμενοι.

305 2862 550 2943 προτιθέμενοι
572 2861 608 2927 δὲ
630 2867 824 2942 φοβεῖσθαι,
856 2853 918 2930 οῦκ
941 2854 1008 2930 άπὸ
1031 2853 1222 2944 προσώπου
1244 2859 1307 2926 τοῦ
1329 2858 1414 2924 θεοῦ
1435 2846 1615 2935 εῦλαβοῦν-

255 2963 289 3016 25
306 2979 375 3025 ται·
398 2948 472 3026 όσοι
494 2961 530 3025 δὲ
551 2951 627 3043 μετ’
650 2954 835 3046 ἐπιστήμης
857 2952 1088 3040 εὐλαβοῦνται,
1112 2961 1163 3044 τῷ
1185 2950 1237 3026 άεί
1257 2961 1394 3040 βλέπειν
1415 2955 1470 3022 καὶ
1486 2945 1615 3034 άναζω-

307 3071 449 3143 γραφεῖν
472 3056 604 3137 ἑαυτοῖς
626 3054 667 3126 τό
688 3053 891 3144 >πρόσωπον
912 3063 975 3126 τοῦ
996 3060 1082 3126 θεοῦ
1102 3052 1284 3143 γινόμενον
1305 3056 1361 3124 ἐπὶ
1383 3048 1463 3132 τοῦς
1478 3054 1614 3121 ποιοῦν-

308 3182 369 3235 τας
398 3153 442 3224 τά
471 3151 573 3236 κακά,
604 3159 668 3226 τοῦ
694 3159 988 3244 ἐξολοθρευθῇναι
1014 3159 1051 3225 ἐκ
1074 3160 1137 3244 γῇς
1163 3152 1204 3224 τὸ
1231 3149 1448 3242 μνημόσυνον
1478 3145 1614 3221 αῦτών.

310 3244 407 3324 οὗτοί
428 3259 513 3324 εἰσιν
536 3250 609 3326 οί’
588 3255 657 3327 απὸ
679 3254 871 3344 προσώπου
894 3262 957 3326 τοῦ
978 3261 1063 3326 θεοῦ
1085 3250 1334 3341 εὐλαβούμενοι.

393 3363 439 3423 12.
465 3350 557 3425 »Εάν
571 3355 763 3443 περιέλῃ
725 3384 769 3426 τοι
783 3353 994 3478 βδελῦγματα
1004 3349 1173 3522 <αῦτοὶῦ>’
1153 3351 1222 3424 από
1237 3357 1302 3424 τοῦ
1316 3348 1486 3439 στόματος
1502 3344 1617 3423 αῦτοῦ

257 3459 291 3514 30
308 3449 406 3523 καὶ’
385 3458 454 3524 απὸ
476 3459 540 3523 τοῦ
560 3457 752 3542 προσώπου
771 3483 838 3545 μου
859 3451 1042 3544 εῦλαβῃθῇ,
1064 3460 1119 3525 καὶ
1142 3448 1261 3542 όμόσῃ
1284 3458 1323 3539 ζῇ
1344 3448 1460 3537 κῦρως
1481 3451 1518 3519 ἐν
1539 3443 1618 3536 άλη-

308 3559 386 3644 θείᾳ
411 3558 467 3623 καὶ
493 3556 531 3624 ἐν
557 3561 664 3644 κρίσει
684 3561 739 3626 καί
761 3559 799 3626 ἐν
821 3553 1058 3673 6666066666,
1083 3558 1208 3642 ἴδωμεν
1230 3547 1323 3640 ἡμεῖς
1345 3547 1486 3631 εαυτοῦς
1507 3540 1580 3618 οῖ’
1562 3575 1619 3635 ομ

310 3649 464 3736 νόοντες,
496 3658 574 3726 τίνα
600 3653 733 3743 τρόπον
760 3651 822 3725 οῦκ
848 3659 886 3726 ἐν
912 3663 1017 3742 κρίσει
1039 3648 1209 3741 όμνυομεν
1231 3647 1311 3723 ἄλλ’
1333 3645 1496 3739 άκρίτως,
1529 3645 1616 3716 ώστε

310 3749 514 3841 γενέσθαις
494 3759 591 3843 ημών
617 3753 699 3837 τοῦς
726 3747 849 3844 όρκους
875 3756 947 3826 ἔθει
972 3760 1106 3843 μᾶλλον
1132 3748 1152 3840 6
1146 3749 1288 3840 κρ.ίσει
1333 3743 1617 3835 συναρπαζόμεθα

309 3856 407 3940 γοῦν,
430 3859 485 3924 καί
507 3861 612 3926 τοῦτο
634 3848 824 3943 ἐλέγχων
805 3884 824 3926 ο
846 3853 949 3944 λόγος
971 3862 1087 3943 φησίν·
1122 3858 1194 3922 »καί
1216 3843 1318 3923 δῦν’
1299 3847 1419 3940 ομόσῃ
1442 3853 1481 3936 ζῇ
1502 3844 1618 3934 κύριος

257 3955 348 4024 35ἐν
366 3948 509 4044 άληθείᾳ
531 3962 586 4025 καί
608 3957 646 4026 ἐν
666 3962 771 4042 κρίσει
792 3962 848 4026 καί
870 3959 907 4026 ἐν
926 3950 1149 4038 δικαιοσῦνῃι.
1193 3952 1330 4040 οἴδαμεν
1353 3953 1391 4018 ἐν
1412 3953 1464 4036 τῷ
1487 3941 1618 4034 εῦαγγε-

396 4139 454 4196 411·
472 4139 536 4210 Vgl.
554 4139 662 4212 Olymp.
681 4141 862 4210 (01163386
890 4137 940 4197 ἐὰν
963 4135 1009 4195 ἐπὶ
1032 4133 1099 4208 ὅλης
1121 4137 1239 4209 καρδίας
1256 4135 1478 4204 μετανοήσῃ-
1445 4131 1536 4188 —14
1555 4129 1618 4200 Vgl.

311 4225 408 4279 IPetr.
423 4226 446 4284 2.
461 4228 483 4279 1.
502 4255 535 4264 -
555 4224 592 4280 ιι
611 4225 710 4280 Μειιε,
725 4227 765 4291 12,
778 4229 819 4282 36.
831 4229 872 4283 οι.
891 4256 924 4264 -
944 4227 983 4280 ει
1003 4221 1262 4294 Vgl.1>sal.33‚17.

396 4393 415 4448 4
433 4389 483 4450 ἐὰν
501 4395 539 4448 Co
559 4393 563 4458 Ι
582 4393 601 4448 5
620 4389 672 4450 οὐκ
690 4389 740 4448 ἐὰν
757 4391 836 4446 ΒΙεεε
855 4393 860 4459 1
880 4391 899 4446 9
918 4389 1119 4461 εὐλογὴσουσιν
1137 4389 1180 4443 Ηα
1197 4390 1200 4456 Ι
1217 4387 1329 4444 21-27
1350 4385 1452 4440 Hierzu
1469 4384 1575 4452 Fmgm.
1589 4385 1622 4436 13

311 4479 339 4533 in
351 4481 383 4534 0:
398 4477 638 4545 Καλῶς-αὐτῶν
653 4481 657 4544 Ι
673 4477 919 4550 θθπρόσωπρονθ
935 4478 939 4544 ἱ
955 4472 1100 4531 θθαιίτοῖιι
1110 4473 1148 4528 Co
1164 4475 1168 4541 Ι
1184 4473 1222 4528 111
1234 4467 1346 4540 ἴδωμεν]
1357 4463 1420 4526 οἶδα
1430 4467 1483 4538 μὲν
1494 4466 1550 4537 [sie]
1561 4464 1620 4532 ΗυΙ

308 4564 411 4618 θθ-θ.
423 4568 465 4630 41,
478 4567 511 4621 19
529 4564 630 4618 Ηὶοτιυ
647 4563 755 4632 Fragm.
768 4565 801 4617 14
819 4561 848 4614 in
866 4561 899 4615 C:
917 4554 1105 4626 Πῶς-ἔθνη.
