3658 5566
332 501 391 564 300
573 494 712 564 Origenes’
730 491 886 564 Erkllmng
903 493 951 550 der
968 495 1088 550 Samuel·
1107 495 1163 550 und
1181 495 1397 566 Kbnigsbflcher.

765 727 823 794 Νι.
844 727 927 796 XVI.
969 729 1097 796 sssum
1113 737 1141 812 5,
1158 738 1205 798 14.

413 884 676 981 Σημειωτέον“’
657 919 712 963 οτι
736 885 919 962 Νάθαν
899 921 918 963 ο
940 889 1012 974 υίός
1032 896 1136 978 Δαβίδ
1154 899 1306 964 τίκτεται
1327 889 1422 984 αύτῷ
1445 893 1560 967 ἑλόντι
1581 901 1637 965 καί

331 986 508 1079 οἰκήσαντι
529 991 595 1081 τήν
616 985 887 1112 Ἱερρυσαλήμ
920 983 1022 1075 οὗτος
1044 998 1081 1064 δέ
1101 996 1172 1063 ἐστι
1194 985 1359 1064 Νάθαν“
1341 1021 1383 1064 σν
1405 1005 1599 1082 γενεαλογεῖ
1616 989 1638 1063 6

330 1085 494 1211 μακάριος
515 1096 663 1175 Λουκᾶς
690 1085 710 1162 6
737 1096 773 1162 δὲ
798 1086 960 1180 μακάριος
982 1099 1164 1176 Ματθαῖος
1185 1098 1379 1213 Σολομῶνα
1401 1093 1466 1165 τόν
1486 1089 1640 1180 ἀδελφόν

295 1185 439 1266 ταύτοῦ
461 1202 658 1279 γενεαλογεῖ.
700 1197 756 1261 καὶ
778 1195 947 1274 ἐντεῦθεν,
970 1197 1059 1278 λέγω
1082 1185 1166 1280 δή’
1146 1189 1213 1262 απὸ
1236 1199 1310 1263 τῶν
1325 1198 1640 1281 μνημονευθέντων

329 1291 415 1359 υἱῶν
436 1293 499 1359 τοῦ
514 1295 624 1374 Δαβίδ,
648 1283 667 1360 6
689 1296 750 1378 μὲν
773 1284 815 1360 δι’
832 1290 948 1379 ἑτέρας
970 1296 1102 1379 λέγεται
1123 1298 1346 1379 γενεαλογίας,
1370 1286 1388 1362 ό
1412 1297 1447 1362 δὲ
1466 1287 1509 1364 δι’
1523 1290 1639 1380 ἄλλης.

702 1526 759 1593 Nr.
781 1525 881 1594 XVII.
923 1527 1261 1608 llsam.16‚10-12.

329 1806 493 1878 συγχωρεῖ
518 1794 554 1859 δὲ
579 1794 751 1876 γενέσθαι,
773 1796 995 1910 πεποιηκέναι
1016 1794 1157 1877 λέγεται.
1180 1786 1419 1912 ορμολόγηται
1440 1783 1601 1862 τοίνυν“7
1581 1819 1638 1860 οτι

277 1906 311 1961 10
328 1883 390 1958 ούκ
421 1879 464 1976 ήν
494 1891 596 1978 ἔργον
625 1894 689 1959 τοῦ
718 1884 851 1959 θεοῦ“
832 1917 852 1978 η
881 1885 1105 2010 ἐπανάρτασις
1132 1895 1196 1960 τοῦ
1215 1885 1426 1979 Ἀβεσσαλώμ
1452 1885 1550 1978 καλή
1574 1895 1640 1960 τοῦ

328 1992 432 2076 Σεμεί
456 1993 608 2078 λοιδορία
633 1993 689 2058 καί
715 1986 757 2059 τό
784 1995 898 2072 βαλεῖν
922 1983 1030 2058 αύτόν
1054 1996 1169 2070 λίθοις
1190 1987 1253 2060 τὸν
1277 1994 1386 2073 Δαβίδ.
1427 1985 1639 2112 τρανότερον

328 2090 364 2155 δὲ
391 2080 606 2156 δείκνυσινο
586 2117 605 2158 ο
633 2115 718 2177 φημι
740 2085 781 2159 τό
805 2093 915 2174 λέγειν
936 2083 999 2158 τόν
1022 2085 1187 2172 Δαβίδ·
1167 2115 1263 2176 αφες
1293 2083 1418 2160 αύτόν
1448 2085 1635 2176 άρᾶσθαι.

328 2178 393 2254 ότι
423 2183 561 2274 κύριος
591 2191 751 2274 εἴρηκεν
780 2181 903 2274 αύτῷ
935 2181 1043 2307 όπορς
1074 2189 1155 2258 ἴδοι
1180 2186 1256 2276 τήν
1277 2195 1526 2260 ταπείνωσίν
1547 2216 1636 2276 μου

327 2290 392 2354 καὶ
422 2279 704 2356 άνταποδιόσει
734 2312 799 2375 μοι
825 2283 961 2412 κύριος
991 2280 1123 2374 άγαθά
1148 2281 1247 2358 ,άντί
1273 2293 1344 2376 τῆς
1371 2284 1547 2376 κατάρας
1569 2283 1637 2357 αύ-

277 2401 309 2455 15
327 2411 400 2454 του
429 2389 500 2474 τῆς
528 2389 570 2455 ἐν
601 2391 647 2472 τῇ
680 2380 805 2502 ἡμέρᾳ
837 2383 971 2470 ταύτῃ.
1015 2383 1167 2476 φανερόν
1192 2383 1255 2474 γάρ
1281 2379 1335 2457 ότι
1358 2382 1420 2457 ούκ
1441 2381 1561 2476 ἤρεσκε
1583 2393 1636 2476 τῷ

326 2489 399 2573 θεῷ
422 2481 464 2556 τὸ
486 2481 680 2572 γινόμενον·
704 2475 781 2555 όδὲ
804 2482 865 2556 οὐκ
887 2479 1036 2574 ἤρεσκεν,
1060 2482 1122 2556 ούκ
1145 2482 1188 2556 ἂν
1210 2491 1402 2558 ἐνετείλατο
1423 2505 1543 2559 ποιεῖν.

672 2719 730 2786 Νι.
751 2720 867 2788 xvln.
910 2721 941 2787 11
956 2721 1037 2808 sam.
1052 2728 1101 2804 ει,
1116 2729 1143 2790 2.
1159 2730 1186 2792 ο.
1202 2731 1229 2790 ο.
1248 2732 1293 2790 11.

410 2888 451 2953 Εἰ
477 2887 519 2953 ἐν
546 2889 601 2974 τῷ
624 2879 729 2973 ζήλῳ
753 2887 824 2954 τοῦ
845 2877 993 2973 Ἰσραήλ
1016 2891 1080 2956 καί
1103 2892 1175 2956 τοῦ
1195 2880 1317 2956 ’ἰούδα
1340 2879 1358 2956 6
1381 2885 1516 2958 Σαούλ
1538 2887 1637 2968 τούς

329 2989 591 3067 Γαβαωνίτας
625 2979 757 3054 άνελεῖν
791 2987 1016 3072 ἐπεχείρησεν,
1051 2978 1126 3075 μεθ’
1159 2975 1210 3056 ὦν
1243 2981 1418 3074 συνθήκας
1448 2981 1635 3074 ἐποιήσατο

275 3077 449 3170 2οἸησοῦς
484 3076 503 3152 6
541 3087 604 3154 τοῦ
628 3081 723 3172 Ναυή
759 3089 815 3152 καί
851 3088 917 3164 πᾶς
948 3078 967 3154 6
997 3079 1092 3168 λαός,
1123 3089 1179 3156 καί
1210 3083 1265 3154 διὰ
1295 3089 1400 3155 τοῦτο
1432 3082 1530 3156 ἑπτά
1561 3091 1638 3157 τοῦ

325 3181 461 3254 Σαούλ
491 3178 705 3270 ἀνῃρέθησαν
740 3185 772 3254 οί
803 3179 871 3254 όπό
908 3187 982 3255 τῶν
1016 3189 1219 3273 θυγατέρων
1250 3180 1357 3255 αύτοῦ
1387 3189 1636 3272 γεγεννημέναι,

326 3289 421 3362 τίνος
444 3282 557 3352 ἕνεκεν
581 3277 641 3369 ούχ
663 3285 696 3352 αί
719 3289 825 3368 φυλαὶ
846 3286 883 3353 ἰν
905 3288 1036 3368 αἰτίαις,
1060 3279 1134 3356 άλλ>
1154 3287 1187 3356 οἱ
1208 3289 1312 3373 μηδὲν
1326 3278 1525 3372 ἠδικηκότες
1539 3289 1638 3373 δίκην

326 3379 505 3466 δεδώκασι,·
535 3385 640 3452 τοῦτο
673 3379 736 3470 γάρ
767 3379 892 3452 ἄδικον.
934 3381 1027 3472 πλήν
1053 3387 1082 3452 εί
1107 3380 1152 3471 μή
1174 3412 1226 3464 τις
1249 3386 1338 3453 εἴποι
1359 3383 1476 3454 Σαούλ
1498 3389 1637 3467 βασιλέα

326 3472 412 3549 ὄντα
434 3475 613 3562 ἀδυνάτως
635 3483 722 3568 ἔχειν
745 3477 944 3570 ἀντιστῆναι
959 3500 1033 3563 τοῖς
1046 3477 1263 3571 Ἰσραηλίταις
1284 3487 1340 3551 καί
1356 3488 1398 3570 τῇ
1414 3488 1506 3570 φυλή
1520 3476 1636 3557 Ἰούδα,

274 3596 307 3651 25
326 3584 382 3648 καὶ
404 3576 449 3667 μή
471 3583 568 3648 λῦσαι
590 3577 651 3660 τὰς
673 3575 845 3668 συνθήκας
866 3587 940 3652 τῶν
959 3586 1117 3668 πατέρων
1133 3581 1194 3664 τάς
1208 3579 1294 3670 πρὸς
1309 3579 1389 3664 τούς
1406 3587 1639 3666 Γαβαωνίτας.

326 3678 393 3764 ίγώ
425 3683 461 3747 δὲ
488 3685 706 3767 προσθοίμην
737 3673 779 3748 όν
810 3677 945 3762 τούτοις
976 3677 1016 3750 τὸ
1048 3686 1110 3751 τοῦ
1140 3687 1226 3752 θεοῦ
1256 3683 1453 3769 οἰκονομίαν
1480 3680 1565 3750 εἰναι
1593 3677 1637 3750 τό

326 3781 424 3863 γένος
455 3783 519 3848 τοῦ
540 3775 657 3848 Σαούλ
688 3772 913 3867 ἀναλωθῆναι
943 3783 1029 3864 πᾶν,
1061 3771 1144 3852 όσσν
1173 3775 1398 3851 ύπωπτεύετό
1428 3808 1516 3853 ποτε
1542 3775 1638 3852 άντι-

410 3981 429 4036 θ
455 3981 520 4053 Vgl.
538 3982 606 4037 Luk.
624 3982 650 4044 3,
668 3983 709 4036 31.
743 3979 807 4052 Vgl.
829 3980 858 4034 in
874 3982 939 4036 Luc.
962 3984 1041 4038 Hom.
1064 3985 1098 4040 28
1119 3985 1168 4052 (Lo
1187 3987 1215 4052 5,
1235 3987 1306 4054 191):
1410 4001 1467 4040 non
1489 4001 1537 4055 per
1558 3983 1638 4040 Salo·

324 4081 433 4119 monem
459 4066 507 4120 sed
535 4083 582 4136 per
604 4065 716 4120 Nathan
738 4066 871 4134 nascitur,
900 4065 947 4136 qui
969 4069 1028 4137 eJus
1050 4068 1142 4138 arguit
1164 4073 1271 4138 patrem
1288 4087 1368 4141 super
1384 4067 1468 4124 Uriae
1485 4071 1574 4124 morto
1592 4086 1636 4124 or·

324 4151 409 4218 tuque
432 4149 594 4206 Salomonis.
630 4151 685 4206 Der
706 4150 770 4204 sm
789 4151 1047 4220 qui-Salomonis,
1070 4153 1118 4207 der
1134 4171 1246 4208 unserm
1265 4153 1414 4224 Fragment
1429 4151 1522 4208 direkss
1538 4152 1636 4208 wider·

324 4233 435 4302 spricht,
455 4233 526 4288 fehlt
548 4233 699 4304 allerdings
721 4235 750 4288 in
774 4236 823 4291 der
839 4237 1032 4292 Lukaskatene
1050 4238 1098 4305 (Lo
1116 4239 1140 4302 5,
1160 4239 1232 4306 190):
1257 4235 1405 4310 ἀναβαίνει
1428 4233 1463 4292 οὐ
1480 4235 1524 4292 διὰ
1544 4237 1637 4293 Σολο-

323 4323 444 4385 μῶντος,
463 4314 534 4374 ἀλλὰ
553 4317 599 4374 διὰ
617 4317 730 4374 Ναθάν.
749 4351 780 4359 -
799 4320 817 4376 4
836 4319 900 4392 Vgl.
918 4322 1018 4376 Matth.
1036 4324 1060 4386 1,
1077 4325 1101 4378 6.
1120 4323 1143 4377 7.
1161 4353 1194 4361 -
1215 4323 1253 4378 λθ
1271 4321 1335 4393 VgL
1353 4322 1408 4376 λοι
1426 4321 1451 4385 9,
1469 4322 1511 4376 21.

410 4484 428 4539 2
447 4486 640 4558 Σημειωτέον]
660 4490 759 4544 vorhor
775 4495 827 4545 τοῦ
845 4486 932 4546 αὐτοῦ
950 4491 1036 4559 ⁸122
1055 4485 1139 4546 ἕνεκα
1158 4509 1173 4546 ο
1188 4493 1192 4558 Ι
1207 4491 1302 4561 φυλαὶ]
1320 4498 1353 4555 -ῖ-
1371 4487 1441 4545 εἰσιν
1460 4507 1495 4544 ευ
1515 4491 1520 4557 Ι
1539 4488 1638 4559 μηδὲν]

323 4565 376 4636 μὲν
394 4586 406 4621 ε
426 4571 429 4635 ί
450 4569 490 4623 24
509 4565 587 4640 ὄντα]
600 4579 633 4636 -ἰ-
645 4573 704 4642 μηί
723 4573 801 4628 ΒΙαεε
816 4575 820 4642 Ι
836 4571 975 4630 ἀδύνατον
994 4577 1027 4642 ol
1047 4572 1220 4646 ἀντιστῆναι]
1239 4583 1271 4639 ÷
1288 4576 1337 4630 καί
1355 4577 1392 4642 vl
1408 4574 1447 4629 2ss
1466 4571 1639 4643 οἰκονομίας

323 4671 341 4705 v
356 4654 360 4719 Ι
376 4653 413 4708 27
433 4648 582 4712 ὑπώπτευε
600 4653 717 4713 πώποτε
734 4675 760 4712 v.
