3694 5542
786 459 923 529 ofigenoe·
943 459 1202 516 Jeremiahomilien.

781 693 837 760 Nr.
859 695 941 762 XXI.
982 695 1098 762 Jerem.
1113 702 1162 775 23,
1177 701 1224 764 30.

427 863 492 947 (96)
519 853 647 946 Ὥσπερ
669 853 689 930 ό
710 855 894 948 πριάμενος
915 854 1058 946 ἱμάτιον,
1086 863 1115 928 εί
1137 855 1241 944 τύχοι,
1263 854 1343 946 παρ’
1358 850 1399 929 οῦ
1420 865 1483 946 δεῖ,
1506 867 1655 949 νομίμως

346 961 410 1047 ἔχει
436 965 557 1040 τοῦτο,
584 952 604 1028 ό
628 963 663 1031 δέ
684 963 835 1044 κλέψας
857 961 921 1044 ἔχει
942 963 1004 1045 μὲν
1025 951 1098 1028 ἀλλ’
1122 955 1163 1028 οῦ
1182 963 1329 1043 δικαίως,
1352 951 1447 1028 οῦτω
1470 967 1545 1031 τῶν
1566 964 1661 1032 διδα,

344 1053 503 1129 σκόντων
534 1054 603 1129 ἀπό
634 1064 767 1148 γραφῆς
794 1061 827 1130 οί
854 1055 952 1145 νόθῳ
978 1063 1071 1144 ψυχῇ
1096 1062 1152 1125 καὶ
1177 1062 1429 1146 κεκηλιδωμένη
1456 1059 1500 1130 τὰ
1521 1056 1655 1148 ῥήματα

309 1163 508 1244 σφέροντες
537 1164 779 1229 κλέπτουσι·
806 1164 884 1244 περὶ
921 1147 972 1226 τόν
1008 1149 1131 1244 λέγοιτ’
1162 1153 1218 1226 ἀν·
1254 1151 1397 1238 »πάντες
1433 1151 1506 1228 όσοι
1540 1149 1654 1246 ήλθον

343 1255 411 1344 πρό
437 1260 520 1346 ἐμοῦ
545 1263 688 1329 κλέπται
714 1261 774 1328 είσὶ
801 1264 857 1326 καὶ
879 1263 1009 1344 λῃσταί,
1033 1263 1090 1325 καὶ
1112 1250 1174 1324 οῦκ
1195 1252 1343 1344 ήκουσαν
1366 1252 1483 1329 αὐτῶν
1505 1257 1549 1329 τὰ
1569 1255 1652 1347 πρό-

342 1364 457 1442 βαται.
486 1361 644 1438 τοιοῦτος
665 1351 683 1427 ό
706 1352 799 1444 λόγῳ
821 1355 995 1444 χριόμενος
1017 1351 1229 1443 εῦαγγελικῷ,
1252 1354 1296 1444 μή
1316 1360 1428 1427 πίστει
1446 1360 1653 1447 διακείμενος

342 1453 429 1545 πρὸς
462 1452 569 1527 αῦτόν
597 1461 679 1545 μηδὲ
709 1454 802 1538 βιοῦς
831 1450 905 1525 κατ’
930 1450 1049 1538 αὐτόν,
1082 1451 1248 1547 ἀλλοτρίᾳ
1280 1461 1315 1526 δὲ
1345 1461 1538 1545 προαιρέσει
1567 1459 1652 1545 χροό-

266 1549 293 1617 '-
343 1582 443 1643 μενος
474 1562 517 1644 τῇ
548 1560 612 1626 τοῦ
643 1550 747 1643 λόγου
778 1551 975 1645 ἀπαγγελίᾳ·
1004 1559 1154 1642 κλέπτης
1180 1550 1242 1643 γάρ
1269 1558 1420 1626 ἐστικαὶ
1446 1552 1652 1645 λεχθήσεται

292 1665 324 1718 10
343 1652 429 1742 πρός
451 1650 569 1725 αῦτόν·
603 1648 640 1724 »ό
661 1653 840 1744 κηρύσσων
861 1652 906 1742 μή
927 1659 1085 1724 κλέπτειν
1106 1657 1291 1736 κλέπτειςι.

745 1891 803 1958 Nr.
823 1889 922 1956 XXIL
962 1889 1079 1956 δεεσσε.
1094 1896 1142 1967 24,
1159 1895 1247 1958 1-3.

426 2059 491 2142 (97)
513 2045 614 2142 Ὅπερ
636 2048 656 2125 ό
677 2050 802 2142 κόσμος
824 2048 913 2136 όλος,
937 2059 1042 2125 τοῦτο
1063 2049 1151 2124 κατά
1171 2079 1250 2122 τινα
1266 2049 1449 2142 ἀναλογίαν
1463 2058 1533 2125 ἐστὶ
1546 2049 1651 2144 μόνος

343 2147 363 2224 ό
385 2151 583 2241 ἄνθρωπος.
626 2149 775 2242 εὑρήσεις
801 2150 863 2240 γὰρ
885 2151 963 2223 τινὰ
984 2159 1046 2240 μὲν
1067 2148 1215 2240 σῦρανόν
1238 2147 1428 2241 λεγόμενον,
1452 2145 1537 2224 όταν
1559 2161 1650 2243 φορῇ

340 2250 418 2342 »τὴν
439 2249 552 2323 είκόνα
575 2258 638 2323 τοῦ
658 2257 887 2340 ἐπουρανίου,
911 2250 1018 2323 ἄλλον
1039 2256 1075 2322 δὲ
1096 2256 1171 2340 γῆν,
1192 2247 1253 2322 ἐὰν
1274 2252 1332 2339 ἔχη
1353 2251 1430 2341 »τήν
1452 2248 1566 2325 εἰκόνα
1586 2260 1649 2325 τοῦ

290 2369 323 2424 15
339 2355 472 2438 γοῑκοῦ<
493 2356 556 2441 (τῷ
580 2341 642 2440 γάρ
665 2347 874 2440 ἡμαρτηκότι
896 2356 1063 2422 λέλεκται·
1089 2356 1148 2439 »γῆ
1171 2351 1246 2440 st),
1269 2348 1377 2423 ἄλλον
1400 2354 1523 2440 ἔχοντα
1544 2380 1648 2424 ποτα-

339 2449 423 2540 μσῦς
449 2454 487 2521 ἐν
513 2446 607 2540 αῦτῷ
633 2445 852 2538 >ἀλλομένους
877 2455 923 2534 είς
949 2449 1041 2539 ζωήν
1064 2450 1226 2534 αἰώνιον,
1249 2449 1309 2523 ἐὰν
1331 2452 1388 2538 ἔχη
1411 2447 1533 2539 λόγους
1554 2479 1647 2523 ποτι-

339 2546 530 2636 μωτάτους,
553 2547 660 2620 ἀλλον
679 2550 801 2637 έχοντα
816 2547 997 2621 θάλατταν
1016 2545 1177 2638 ἁλμυρόν,
1192 2545 1355 2638 κυμάτων
1370 2546 1491 2639 πλήρη,
1508 2553 1649 2638 ἔχουσαν

339 2646 522 2738 »δράκοντα
549 2642 590 2720 όν
617 2651 762 2719 ἔπλασεν
789 2643 807 2719 ό
834 2645 916 2731 θεὸς
944 2652 1114 2738 ἐμπαίζειν
1136 2644 1251 2738 αῦτῷι.
1293 2654 1349 2719 καὶ
1370 2649 1459 2720 κατὰ
1475 2655 1576 2739 μέρος
1597 2647 1648 2720 εῦ-

340 2745 450 2837 ρήσεις
475 2747 539 2820 τόν
563 2754 625 2837 μέν
645 2743 758 2838 ήλιον,
785 2747 849 2820 τὸν
879 2753 915 2817 δέ
941 2744 1089 2836 σελήνην
1115 2744 1299 2836 λεγόμενον
1320 2756 1375 2817 καί
1397 2745 1553 2838 ἀστέρας,
1576 2753 1648 2820 ἐπεὶ

289 2865 324 2919 20
346 2840 476 2930 »οῦτως
498 2843 518 2936 ἡ
540 2845 720 2930 ἀνάστασις
742 2854 816 2918 τοῦν
838 2853 997 2933 νεκρῶνι.

425 2953 491 3018 Καὶ
513 2941 585 3034 μετ’
608 2941 717 3035 όλίγα·

425 3051 499 3117 Νῦν
525 3051 562 3116 δέ
588 3070 691 3135 φησιν
714 3043 821 3118 αῦτόν
843 3041 864 3136 ή
885 3045 1062 3136 παραβολή
1090 3051 1212 3117 σῦκον
1238 3045 1323 3116 εἶναι
1344 3046 1524 3136 πονηρόν
1546 3054 1646 3118 λίαν·

341 3143 495 3235 γλυκῦζει
524 3150 586 3235 μὲν
615 3143 679 3234 γὰρ
711 3142 819 3216 αῦτόν
849 3145 904 3216 διὰ
933 3142 1133 3227 πεπάνσεως
1163 3141 1184 3233 ή
1214 3142 1332 3234 ἀρετή,
1360 3142 1409 3229 οῦς
1430 3147 1516 3218 είναι
1535 3145 1647 3236 ψυχήν

341 3241 428 3335 όλην
448 3252 504 3316 καλ
525 3251 656 3331 πνεῦμα
682 3251 737 3317 καὶ
764 3252 860 3333 σῶμα
886 3243 992 3334 γλυκῦ
1017 3250 1078 3333 τῆς
1100 3249 1135 3331 ἐξ
1157 3241 1291 3333 ἀρετῶν
1311 3241 1497 3334 ποιότητος
1517 3249 1647 3317 ἐντιθε-

289 3365 323 3418 25
340 3351 440 3434 μένης
468 3341 573 3434 αὐτῷ,
596 3340 616 3433 ἡ
643 3349 679 3414 δέ
704 3351 850 3432 πονηρία
876 3339 983 3414 κακόν
1005 3340 1112 3415 αὐτόν
1132 3352 1188 3415 καὶ
1210 3343 1396 3432 ἄβρωτον
1419 3341 1647 3435 ἀπεργάζεται

339 3439 415 3516 ἀλλ’
437 3443 498 3516 ἐὰν
524 3449 587 3533 μὲν
613 3449 696 3514 σῦκα
723 3449 808 3533 ζητῇ
834 3471 886 3525 τις
912 3441 956 3532 μή
984 3448 1062 3513 λίαν
1079 3441 1219 3533 χρηστά,
1242 3445 1307 3529 ἔξω
1331 3454 1425 3533 ζητεῖ
1444 3449 1552 3516 ταῦτα
1573 3450 1647 3514 τσῦν

340 3547 401 3632 τῆς
422 3547 613 3629 θεοσεβείας
634 3550 828 3632 μυστηρίων
849 3549 905 3613 καὶ
927 3548 991 3615 τοῦ
1013 3547 1098 3614 ναοῦ
1120 3547 1182 3612 τοῦ
1202 3549 1297 3627 θεοῦ,
1320 3540 1435 3632 ὥσπερ
1450 3535 1512 3614 οῦν
1532 3549 1588 3614 καὶ
1603 3541 1646 3612 τὰ

339 3640 384 3731 μὴ
420 3648 497 3713 λίαν
532 3638 672 3734 πονηρῦ.
723 3643 782 3715 ἐὰν
818 3641 881 3732 γὰρ
911 3644 996 3730 ἔλθη
1026 3646 1083 3713 ἐπὶ
1112 3640 1177 3731 τήν
1206 3649 1397 3730 μαθητείαν
1427 3639 1548 3732 αὐτήν,
1577 3639 1645 3729 πρό

339 3740 559 3832 προσώπου
594 3750 692 3814 ναοῦ
721 3750 862 3831 κυρίου
891 3746 962 3814 ἐστὶ
992 3746 1090 3812 σῦκα
1119 3741 1269 3832 χρηστὰ
1304 3750 1393 3814 λίαν
1436 3739 1505 3826 (οἶα
1535 3758 1646 3812 ποιεῖν

424 3945 442 4002 t
462 3945 524 4002 Joh.
542 3947 583 4014 10,
600 3946 625 4000 8.
642 3975 675 3986 -
695 3949 731 4004 10
751 3947 829 4002 Rtm.
848 3947 872 4014 2,
890 3947 931 4003 21.
954 3977 987 3986 —
1009 3946 1086 4004 mr.
1108 3945 1172 4016 Vgl.
1190 3943 1265 3999 Hier.
1281 3943 1384 4000 Comm„
1404 3947 1482 4001 1010:
1510 3945 1584 3999 Duos
1601 3960 1645 3999 σσ-

338 4030 436 4102 phinon
449 4071 455 4085 .
469 4071 475 4086 .
488 4071 494 4085 .
508 4030 621 4100 quidam
642 4029 857 4101 interpretantur
874 4029 922 4085 in.
937 4030 1122 4102 ...gehenna
1138 4033 1168 4086 et
1186 4045 1272 4099 regno
1289 4029 1435 4085 coelorum
1447 4029 1568 4086 -1tm
1581 4028 1645 4099 Vgl.

338 4115 454 4182 Hom.8,
472 4116 496 4171 2.
513 4145 548 4156 -
567 4115 605 4171 14
623 4113 687 4186 Vgl.
705 4116 793 4170 IKor.
807 4117 901 4182 15‚49.
920 4145 953 4156 -
971 4117 1004 4172 15
1021 4113 1125 4182 Gen.3,
1138 4115 1179 4172 19.
1198 4143 1230 4154 -
1249 4115 1288 4170 16
1306 4114 1404 4181 Joh.4,
1417 4117 1457 4170 14.
1475 4143 1510 4156 -
1526 4113 1562 4171 18
1581 4113 1645 4185 Vgl.

338 4199 410 4255 Ρεεὶ.
429 4201 487 4268 103,
504 4201 545 4257 26.
563 4229 596 4239 -
615 4199 680 4256 181.
698 4200 761 4268 Vgl.
779 4199 868 4255 lKor.
887 4203 928 4267 15,
945 4203 986 4256 41.
1003 4229 1037 4240 -
1055 4200 1092 4255 20
1109 4199 1198 4254 IKor.
1218 4201 1259 4267 15,
1276 4199 1319 4253 42.

420 4367 438 4421 θ
460 4362 518 4436 ἔχει
534 4371 709 4430 τοῦτοξξῖ
731 4384 747 4422 c
770 4365 838 4423 αὐτό
861 4365 974 4437 κατέχει
991 4385 1008 4422 o
1028 4367 1032 4433 Ι
1051 4366 1069 4420 4
1085 4363 1370 4436 ψυχῆκεκιληδωμένη
1388 4368 1427 4432 ot
1449 4367 1482 4421 10
1502 4362 1644 4438 κηρῦσσον

336 4451 428 4515 0118
445 4450 511 4523 γὰρ]
530 4459 564 4509 <
581 4451 669 4516 0120
687 4445 785 4522 οίίτως]
805 4453 822 4506 l.
841 4447 915 4508 οίίτω
933 4453 1001 4508 καὶθ
1016 4453 1020 4519 Ι
1037 4451 1075 4506 22
1095 4448 1187 4506 σύκων
1205 4444 1278 4507 εἶναι
1296 4455 1431 4522 πονηρῶν
1449 4453 1483 4512 σΙ
1499 4447 1585 4504 σῦκον
1603 4449 1643 4516 (so

336 4535 413 4600 stetu)
432 4553 448 4590 ο
464 4534 519 4602 128
539 4534 564 4606 ή]
582 4545 616 4596 <
635 4553 651 4592 o
667 4537 671 4602 ί
687 4535 728 4592 24
745 4532 784 4605 ἐξ]
801 4546 834 4596 <
851 4537 888 4604 ot
904 4536 940 4592 2⁶
959 4532 1045 4592 αὐτὸν
1063 4534 1107 4590 Gh
1125 4531 1193 4590 αὐτὸ
1212 4551 1248 4589 συ
1264 4537 1268 4598 Ι
1285 4535 1324 4590 26
1346 4537 1416 4604 ζητῇ
1432 4534 1484 4602 τις]
1502 4535 1584 4602 ζητῆς
1601 4550 1617 4587 o
1636 4533 1641 4599 Ι

337 4619 375 4676 27
394 4620 562 4692 θεοσεβείας
579 4637 594 4674 υ
612 4623 641 4676 0¹
659 4637 683 4675 ε.
696 4621 727 4676 11
746 4621 923 4690 θεογνωσίας
940 4628 973 4674 ο*
990 4620 1007 4674 i.
1025 4619 1131 4686 '1129
1149 4614 1316 4690 προσώπου]
1330 4625 1363 4682 -ί-
1374 4625 1426 4674 τοῦ
1443 4633 1467 4672 α.
