3702 5540
686 473 805 529 Romilio
822 470 869 526 lv,
903 471 1001 528 sorem.
1020 473 1044 540 3,
1062 473 1154 530 6—11.
1532 483 1573 546 25

265 648 377 728 θησαν
400 634 468 710 ἀπὸ
490 645 555 710 τοῦ
576 632 688 710 τόπου
709 638 857 709 ἑαυτῶν·
879 637 1005 708 ἐίωκεν
1028 629 1090 708 οὖν
1105 643 1156 728 τῷ
1171 631 1306 728 Ἰσραὴλ
1326 644 1473 724 »βιβλίον
1489 635 1574 712 ἀπο·

266 745 434 811 στασίουι.

180 855 247 910 220v
344 842 348 924 Ι
368 837 454 910 Εἶτα
480 833 573 927 ἡμεῖς
594 832 707 909 Ἰούδα
728 831 871 924 (Ἰούδας
893 841 928 907 δὲ
950 835 1006 906 διά
1026 833 1091 907 τὸν
1113 841 1253 926 σωτῆρα
1274 841 1309 924 ἐξ
1329 833 1442 909 Ἰούδα
1463 845 1572 928 φυλῆς

265 933 506 1010 ἀνατείλαντα·
540 932 735 1026 »πρόδηλον
764 935 827 1025 γὰρ
857 928 913 1006 ότι
943 939 978 1021 ἐξ
1003 929 1115 1007 Ἰούδα
1146 933 1376 1009 ἀνατέταλκεν
1407 932 1425 1009 ό
1457 936 1572 1027 κύριος

231 1059 247 1112 5
263 1033 395 1128 ἡμῶνι)
417 1042 667 1127 ἐπεστρέψαμεν
687 1035 775 1124 πρὸς
795 1032 923 1124 κύριον,
944 1041 1001 1106 καὶ
1020 1033 1063 1107 τά
1079 1047 1256 1110 τελευταῖα
1272 1035 1377 1127 ἡμῶν,
1401 1031 1486 1128 άπερ
1501 1042 1572 1110 είθε

263 1136 308 1227 μὴ
330 1132 394 1228 ἤδη
417 1142 481 1227 εἴη,
511 1133 732 1228 παραπλήσια
753 1136 842 1206 ἐοικε
863 1142 1018 1223 γίνεσθαι
1039 1153 1113 1218 τοῖς
1135 1139 1277 1208 ἐκείνων
1299 1145 1519 1224 τελευταίοις,
1544 1145 1572 1210 εί

262 1235 308 1328 μὴ
334 1235 401 1326 ἀρα
421 1243 478 1308 καὶ
498 1244 644 1326 χείρονα.
686 1247 713 1310 3.
736 1227 791 1308 ότι
811 1233 875 1323 γὰρ
897 1240 1041 1308 τοιαῦτα
1063 1242 1119 1307 καί
1140 1236 1185 1308 τὰ
1205 1229 1286 1308 καθ’
1307 1232 1393 1327 ἡμᾶς
1417 1242 1471 1309 ἐπί
1496 1261 1572 1309 συν-

263 1343 375 1428 τελείᾳ
400 1342 465 1410 τσῦ
491 1343 619 1420 αἰῶνος
648 1333 778 1408 τούτου
804 1337 909 1418 ἐσται,
938 1341 1045 1425 δῆλον
1068 1333 1136 1408 ἀπὸ
1158 1343 1233 1407 τῶν
1254 1340 1291 1408 ἐν
1313 1342 1364 1426 τῷ
1388 1333 1570 1428 εὐαγγελίῳ

262 1431 330 1508 ύπό
352 1442 416 1508 τού
438 1443 595 1526 σωτῆρος
616 1441 813 1525 εἰρημένων,
835 1437 873 1505 ἐν
895 1433 946 1518 οίς
961 1457 1075 1525 φησιν·
1102 1434 1174 1507 »όιά
1189 1434 1231 1507 τό
1244 1443 1491 1525 πληθυνθῆναι
1506 1436 1571 1526 τὴν

213 1555 247 1610 10
265 1533 408 1626 ἀνομίαν
429 1535 616 1627 ψυγήσεται
637 1532 657 1626 ἦ
680 1531 793 1625 ἀγάπη
811 1540 885 1605 τῶν
907 1540 1060 1606 πολλῶν.
1097 1529 1116 1606 ό
1139 1539 1174 1606 σε
1194 1531 1380 1625 ὑπομείνας
1402 1543 1447 1620 είς
1462 1545 1570 1623 τέλος,

264 1629 368 1720 οὗτος
397 1634 609 1726 σωθήσεται(
641 1641 710 1708 καί·
739 1631 886 1724 »ποιήσει
918 1652 1034 1725 σημεῖα
1060 1641 1116 1706 καί
1143 1641 1268 1722 τέρατα
1295 1630 1314 1707 ό
1343 1633 1570 1727 ἐλευσόμενος,

264 1733 353 1808 ὥστε
375 1734 656 1821 ἀποπλανᾶσθαι,
688 1740 716 1806 εί
738 1730 901 1818 δυνατόν,
927 1740 985 1804 καὶ
1010 1734 1093 1817 τούς
1115 1733 1314 1819 ἐκλεκτούς.
1349 1743 1406 1808 καὶ
1428 1743 1571 1809 τοιαῦτα

263 1838 356 1908 ἐσται
381 1837 425 1908 τά
446 1831 525 1908 καθ’
547 1831 634 1926 ἡμᾶς
656 1833 746 1907 ὥστε
766 1832 830 1906 τόν
853 1838 990 1923 σωτῆρα
1010 1839 1021 1923 ΙΙ
1041 1840 1151 1923 λέγειν
1173 1840 1250 1925 περὶ
1271 1841 1334 1925 τῆς
1355 1837 1480 1909 ἑαυτοῦ
1501 1841 1572 1909 ἐπι·
1588 1849 1639 1902 144
1671 1842 1674 1850 ’

263 1941 395 2025 δημίας,
419 1933 468 2020 σός
488 1939 525 2007 ἐκ
547 1942 622 2006 τῶν
643 1932 824 2006 τοσούτων
847 1937 1038 2022 ἐκκλησιῶν
1058 1939 1184 2032 πιστοῦ
1205 1941 1336 2021 ταχέως
1356 1934 1401 2025 μὴ
1424 1933 1571 2025 εύρισκο-

213 2054 245 2106 15
261 2042 377 2124 μένου·
413 2034 524 2125 »πλὴν
549 2035 667 2107 ἐλθοόν
694 2029 713 2104 ὁ
735 2032 808 2116 υίὸς
830 2037 894 2104 τοῦ
917 2029 1109 2122 ἀνθρώπου
1130 2033 1195 2122 ἀρα
1217 2029 1347 2124 εύρήσει
1368 2034 1434 2126 τὴν
1455 2041 1570 2108 πίστιν

262 2138 317 2206 ἐπὶ
343 2140 404 2223 τῆς
431 2140 528 2224 γῆςι,·
556 2141 612 2206 καὶ
639 2130 781 2224 ἀληθῶς
807 2132 866 2204 ἐάν
888 2135 1059 2221 κρίνωμεν
1081 2131 1124 2204 τὰ
1146 2129 1327 2222 πράγματα
1350 2129 1493 2226 ἀληθείᾳ
1514 2144 1570 2208 καὶ

260 2233 306 2324 μὴ
328 2225 452 2322 όχλοις,
473 2241 531 2306 καὶ
551 2241 720 2324 κρίνωμεν
742 2231 787 2302 τά
807 2229 988 2321 πράγματα
1009 2238 1202 2322 προαιρέσει
1222 2232 1344 2323 καὶμὴ
1366 2241 1418 2324 τῷ
1433 2241 1570 2320 βλέπειν

260 2333 413 2416 πολλοὺς
435 2340 693 2423 συναγομένους,
715 2327 873 2421 ὀψόμεθα
895 2336 958 2402 νῦν
974 2326 1023 2414 σός
1037 2326 1100 2402 ούκ
1114 2335 1212 2421 ἐσμὲν
1225 2341 1350 2405 πιστοί.
1386 2330 1474 2406 ἀλλὰ
1488 2331 1569 2407 τότε

261 2423 347 2522 ἦσαν
374 2442 504 2518 πιστοί,
535 2427 595 2506 ὅτε
620 2433 664 2505 τά
688 2429 854 2522 μαρτύρια
880 2428 923 2502 τά
950 2448 1087 2519 γενναῖα
1113 2434 1286 2519 ἐγίνοντο,
1318 2425 1378 2505 ότε
1404 2430 1472 2505 ἀπὸ
1494 2441 1568 2506 τῶν

209 2549 245 2604 20
260 2540 495 2622 κοιμητηρίων
520 2539 786 2623 προπέμψαντες
810 2530 891 2613 τοὺς
916 2526 1089 2618 μάρτυρας
1115 2526 1288 2621 ἠρχόμεθα
1310 2535 1365 2603 ἐπί
1386 2531 1448 2616 τὰς
1470 2555 1568 2606 συνα-

260 2629 381 2721 γωγάς,
403 2639 459 2706 καὶ
482 2626 545 2722 όλη
566 2629 587 2722 ἦ
610 2637 767 2721 ἐκκλησία
786 2629 830 2720 μὴ
847 2635 1032 2719 θλιβομένη
1048 2637 1260 2718 παρεγίνετο,
1281 2636 1338 2703 καὶ
1356 2636 1389 2704 οἱ
1404 2631 1568 2722 κατηχού-

259 2759 355 2820 μενοι
381 2734 437 2804 ἐπὶ
462 2751 536 2816 τοῖς
561 2737 756 2823 μαρτυρίοις
780 2734 996 2818 κατηχούντο
1027 2735 1083 2800 καί
1111 2731 1165 2800 ἐπὶ
1193 2749 1267 2813 τοῖς
1296 2729 1464 2814 θανάτοις
1489 2739 1568 2803 τῶν

261 2825 525 2922 ὁμολογούντων
547 2831 613 2922 τὴν
636 2827 801 2921 ἀλήθειαν
826 2835 938 2918 »μέχρι
953 2825 1141 2915 θανάτουι,
1167 2829 1228 2919 »μὴ
1243 2827 1469 2920 πτυρόμενοιι
1485 2837 1568 2921 μηδὲ

260 2927 505 3021 ταρασσόμενοι
529 2936 602 3003 »ἐπί
623 2931 687 3004 τὸν
708 2938 824 3018 ζῶντα
846 2923 960 3001 θεόνι.
996 2924 1077 3000 τότε
1097 2933 1233 3018 οἴδαμεν
1248 2938 1307 3002 καὶ
1324 2948 1441 3020 σημεῖα
1462 2931 1568 3019 ἑωρα-

206 3043 239 3100 25
258 3027 362 3114 κότας
388 3029 564 3120 παράδοξα
589 3039 646 3103 καὶ
672 3028 839 3120 τεράστια.
875 3024 957 3100 τότε
982 3019 1068 3117 ἦσαν
1093 3035 1209 3100 πιστοὶ
1230 3024 1340 3118 ἀλίγοι
1361 3036 1422 3118 μὲν
1452 3038 1567 3102 πιστοὶ

257 3137 293 3202 δὲ
315 3126 466 3221 ἀληθῶς,
489 3131 554 3222 τὴν
576 3131 700 3222 στενὴν
721 3137 778 3202 καὶ
799 3134 1030 3217 τεθλιμμένην
1047 3122 1224 3212 ὁδεύοντες
1239 3123 1322 3200 όόόν
1337 3128 1403 3220 τὴν
1419 3125 1566 3218 ἀπάγου

341 3385 360 3441 θ
378 3385 442 3457 Vgl.
455 3386 535 3444 Hom.
547 3388 572 3449 9,
589 3388 613 3443 1.
632 3417 665 3426 -
682 3386 701 3443 4
718 3385 800 3440 Hebr.
814 3385 838 3450 7,
856 3383 897 3436 14.
914 3412 948 3422 -
968 3383 983 3438 ί
1004 3381 1068 3452 vgl.
1080 3382 1180 3437 Matth.
1195 3383 1234 3445 13,
1250 3384 1306 3439 49’ί
1322 3413 1356 3423 -
1374 3385 1394 3441 θ
1412 3384 1513 3440 Matth.
1524 3386 1566 3452 24,

256 3469 297 3523 12.
309 3470 351 3525 13.
369 3499 404 3512 -
422 3472 460 3528 ll
474 3470 537 3542 Vgl.
550 3471 649 3527 Matth.
661 3472 703 3537 24,
715 3471 749 3524 24
760 3469 821 3522 Par.
840 3495 873 3506 -
888 3466 925 3522 15
944 3467 1012 3522 Luk
1025 3467 1066 3535 18,
1078 3467 1103 3521 8.
1115 3495 1150 3506 -
1164 3467 1242 3538 1644.
1260 3467 1323 3538 Vgl.
1335 3469 1366 3523 in
1377 3467 1477 3524 Matth.
1489 3469 1565 3523 Tom.

255 3555 296 3621 17,
308 3554 342 3610 24
354 3554 403 3624 (Lo
414 3558 439 3622 4,
453 3555 526 3625 135):
544 3557 593 3612 καί
609 3549 642 3611 εἴ
652 3557 694 3622 τίς
711 3573 745 3626 γε
762 3553 938 3621 κατανοῆσαι
954 3549 990 3606 τὰ
1008 3549 1224 3623 πολυάνθρωπα
1240 3548 1424 3625 ἀθροίσματα
1435 3559 1500 3619 τῶν,
1517 3547 1566 3608 ἵνα

255 3632 450 3712 ἁπλούστερον
468 3637 614 3709 ὀνομάσω,
632 3637 794 3708 ἐκκλησιῶν,
812 3638 861 3692 καί
879 3633 1017 3702 ἐξετάσαι,
1035 3634 1122 3691 πόσοι
1138 3633 1191 3705 μὲν
1210 3631 1239 3692 οἱ
1254 3640 1382 3708 βιοῦντες
1399 3634 1565 3694 ἐπιεικέστε-

255 3741 326 3792 ρον.
340 3763 367 3778 ..
380 3764 386 3777 .
405 3723 492 3780 πόσοι
509 3723 538 3780 δὲ
556 3719 585 3780 οί
601 3720 802 3796 ῥαθυμότερον
820 3719 1037 3790 πολιτευόμενοι
1049 3762 1055 3776 .
1069 3760 1076 3774 .
1090 3761 1096 3776 .
1110 3761 1125 3786 .,
1144 3715 1198 3775 ίθοι
1216 3714 1261 3787 ἄν,
1280 3715 1324 3776 ότι
1340 3721 1479 3794 χρήσιμός
1491 3718 1566 3777 ἐστιν

259 3805 417 3877 ἣλίγουσα
434 3815 486 3864 τοῦ
497 3810 633 3881 Σωτῆρος
651 3811 742 3879 φωνή·
762 3807 878 3862 »πολλοί
894 3803 951 3877 γάρ
969 3800 1022 3860 εἰσι
1038 3805 1144 3874 κλητοί,
1163 3802 1255 3875 ὀλίγοι
1272 3799 1457 3863 θ’ἐκλεκτοίι.
1475 3837 1509 3847 -
1526 3807 1566 3863 23

259 3890 536 3962 νςιεροτποεε,
549 3894 590 3949 10.
608 3923 641 3934 -
658 3893 731 3950 Phil.
742 3895 766 3958 1,
779 3891 820 3946 τε.
838 3919 872 3929 -
889 3886 930 3944 24
947 3891 1009 3944 εει.
1022 3891 1062 3956 14,
1076 3889 1131 3944 τευ
1148 3919 1183 3928 -
1194 3889 1234 3945 εο
1247 3890 1311 3960 vgl.
1324 3891 1424 3946 υιιιιι
1439 3895 1462 3960 ι,
1475 3894 1515 3947 14.

343 4129 380 4185 11
401 4125 417 4183 ὁ
435 4125 630 4200 ἐλευσόμενος]
648 4130 681 4183 ίκ
697 4129 765 4184 αοείο
783 4131 807 4181 σί
823 4126 856 4179 in
874 4124 984 4179 ίατοΗ
998 4124 1003 4194 Ι
1019 4125 1058 4181 18
1077 4119 1155 4180 ἔσται
1172 4125 1270 4181 mitfl:
1288 4127 1386 4195 fictura
1402 4131 1441 4180 τοί
1459 4119 1565 4192 ἐστιθι

258 4212 346 4278 lam
369 4208 699 4287 περί-εὑρισκομένου]
721 4211 772 4282 qui
786 4210 888 4270 ,ωππιο
909 4225 978 4277 ςυστ
1000 4213 1064 4262 sunt
1085 4215 1199 4264 νεπίιπα
1220 4216 1377 4279 συμποτικοί
1393 4212 1420 4266 Η
1443 4211 1447 4278 Ι
1473 4211 1511 4266 19
1529 4207 1564 4266 τὰ

254 4298 383 4368 γενναῖα]
402 4314 433 4352 εο
450 4300 550 4354 ευσίιθ
570 4298 693 4370 (vgl.TU
705 4298 752 4353 NF
764 4301 788 4361 1,
800 4299 824 4364 3,
836 4298 853 4352 6
864 4295 889 4348 Α
901 4295 918 4348 2
930 4296 970 4362 10,
982 4293 1008 4346 Δ
1019 4292 1045 4361 2)
1062 4299 1097 4364 τῇ
1113 4300 1200 4370 γενεᾷ
1211 4294 1249 4350 Co
1264 4295 1269 4360 Ι
1285 4293 1323 4350 21
1342 4297 1381 4365 μη
1399 4293 1564 4367 θλιβομένη]

255 4382 408 4450 ίιιρεπίίυηι
429 4382 456 4437 Η
478 4383 484 4452 Ι
507 4381 725 4455 κατηχούμενοι]
749 4389 781 4448 -Ι-
797 4383 830 4436 in
848 4379 945 4450 μείονα
968 4378 1063 4432 statim
1083 4379 1137 4447 fide
1159 4381 1164 4448 Ι
1188 4378 1303 4435 22-24
1323 4381 1372 4435 καὶ
1395 4376 1564 4448 ἐπί-θεόν]

252 4467 280 4520 Η
297 4483 368 4537 ganz
385 4483 514 4538 ungenau
530 4487 565 4524 w.
578 4486 601 4524 α
612 4469 680 4523 seha
699 4467 807 4538 ηιιοπιίσ
823 4464 1002 4519 mutierem
1018 4468 1042 4517 ιί
1059 4464 1202 4532 infimior
1218 4480 1297 4518 εεπιιε
1309 4481 1394 4532 mque
1404 4463 1441 4518 αιί
1451 4467 1565 4516 mmm

250 4551 377 4604 manebat
393 4551 547 4621 ν’τιίττμίιίυε
570 4554 575 4622 Ι
598 4552 684 4620 zm
702 4546 954 4622 τότε-τεράστια]
977 4548 1050 4602 fimo
1066 4566 1125 4602 vere
1141 4548 1223 4616 είηπο
1240 4547 1271 4601 de
1289 4547 1365 4612 coelo,
1384 4552 1448 4602 ίιιιιο
1465 4547 1566 4614 fiebant

247 4640 377 4704 portenta
392 4636 425 4692 ιίε
442 4640 517 4691 terra
534 4636 568 4691 Η.
