3694 5542
727 470 866 541 Origenos’
884 471 1241 543 theliodorkommentar.

723 671 780 738 Nr.
801 671 870 738 XII.
913 673 1036 759 Klagel.
1050 673 1165 738 Ierem.
1183 683 1207 754 1,
1223 679 1250 742 3.

412 815 503 906 Πρὸς
532 822 594 907 μὲν
627 816 668 889 τὸ
699 815 806 908 ῥητὸν
833 824 992 902 τοιοῦτος
1018 815 1060 890 ἂν
1085 821 1137 907 εἴη
1163 813 1182 890 ό
1205 823 1298 903 νοῦς·
1328 817 1392 892 τόν
1414 823 1502 894 ’ίδιον
1524 816 1638 894 τόπον

328 911 349 1006 ἡ
379 911 547 988 Ἰουδαία
573 911 724 1007 ἧμειφεν,
752 923 874 989 αίτίων
904 915 1042 990 τούτων
1072 922 1264 1007 γενομένων
1294 915 1380 1009 αύτῇ
1411 925 1473 1009 τῆς
1500 946 1635 992 ταπει-

329 1016 489 1100 νῶσεως
518 1013 640 1108 αύτῆς
667 1013 723 1105 (ἣν
745 1025 996 1089 τεταπείνωται
1017 1011 1213 1107 άμαρτοῦσα
1238 1025 1294 1090 καί
1320 1017 1361 1090 τὸ
1383 1016 1560 1110 άνάστημα
1580 1027 1635 1092 καί

294 1114 369 1186 5τὸ
400 1119 639 1207 ἐγηγερμένον,
671 1109 690 1186 ό
720 1113 892 1204 πρότερον
923 1115 1009 1205 είχεν
1039 1121 1076 1188 ἐν
1102 1125 1275 1210 θεοσεβείᾳ
1301 1113 1510 1208 ύπάρχουσα,
1531 1148 1636 1192 κατα-

328 1222 498 1305 λιποῦσα),
530 1217 581 1286 ἔτι
603 1222 716 1288 δὲκαὶ
738 1221 800 1306 τῆς
830 1222 984 1303 πολλῆς
1011 1221 1195 1299 δουλείας
1217 1213 1352 1307 αὐτῆς,
1375 1214 1419 1307 ἦν
1440 1217 1635 1292 δεδούλωτο

327 1312 583 1406 ύποτεταγμένη
601 1333 673 1400 τοῖς
688 1313 843 1388 πάθεσιν.
864 1325 1165 1404 μετοικισθεῑσα
1187 1319 1223 1386 δὲ
1243 1321 1284 1388 έν
1306 1319 1467 1389 ἔθνεσιν
1480 1317 1635 1408 ίδρύνθη,

328 1419 414 1488 ἔνθα
440 1412 571 1506 εύρειν
598 1411 823 1488 ἀνάπαυσιν
845 1411 886 1486 ού
907 1413 1095 1504 δεδύνηται,
1117 1412 1285 1487 πάντων
1307 1422 1390 1488 τῶν
1412 1421 1548 1506 ἐχθρῶν
1568 1447 1633 1490 κα-

327 1513 617 1587 ταδιωκόντων
653 1511 779 1603 αὐτὴν
813 1522 870 1584 καί
897 1510 1220 1600 καταλαβόντων
1249 1523 1314 1586 καί
1344 1513 1636 1608 κατακεκρατηκό-

277 1619 310 1672 10
327 1641 409 1699 των,
433 1611 538 1703 αὐτῆς
560 1621 741 1704 γενομένης
761 1612 853 1702 παρά
876 1631 949 1696 τοις
971 1616 1106 1684 ἔθνεσιν
1128 1618 1162 1685 οἳ
1182 1617 1349 1697 ἔθλιβον
1371 1612 1505 1705 αύτὴν,

710 1817 766 1883 Nr.
789 1816 874 1883 XIII.
917 1818 1170 1904 Klage1.Jerem
1187 1825 1213 1897 1,
1228 1827 1256 1884 4.

407 1957 440 2031 ‘0
461 1961 549 2052 πρὸς
571 1961 612 2034 τό
635 1961 743 2054 ῥητόν
767 1969 846 2046 νοῦς
868 1955 970 2045 οὗτός
992 1969 1097 2036 ἐστιν·
1127 1971 1190 2034 τοῦ
1211 1960 1319 2053 νόμου
1341 1971 1519 2054 λέγοντος·
1544 1973 1636 2055 »τρὶς

327 2067 390 2132 τοῦ
425 2065 584 2134 ἐνιαυτοῦ
621 2057 813 2152 ὀφθήσεται
842 2069 913 2136 πᾶν
943 2059 1121 2153 άρσενικόν
1151 2087 1212 2135 σου
1242 2063 1394 2135 ἐνῶπιον
1423 2071 1542 2152 κυρίου
1571 2073 1634 2137 τοῦ

326 2167 410 2234 θεοῦ
431 2185 521 2246 σουι,
550 2165 713 2234 ἔσπευδον
741 2166 773 2234 οί
800 2157 868 2236 άπὸ
896 2169 960 2234 τοῦ
985 2169 1082 2247 λαοῦ,
1110 2161 1195 2252 μετὰ
1217 2161 1258 2234 τό
1281 2167 1549 2254 οἰκοδομηθῆναι
1571 2162 1634 2237 τόν

277 2273 308 2325 15
326 2259 411 2333 ναόν
436 2266 474 2333 έν
495 2261 592 2333 Σιῶν
617 2257 686 2334 άπὸ
714 2268 778 2332 τοῦ
805 2259 932 2352 χρόνου
954 2269 1202 2351 Σολομῶντος,
1229 2267 1399 2334 ἐπιτελεῖν
1424 2261 1466 2334 τό
1491 2287 1634 2351 προστε-

327 2368 503 2451 ταγμένον.
550 2368 607 2432 καὶ
640 2359 756 2452 κύκλῳ
787 2367 848 2452 τῆς
877 2356 1088 2464 Ἰερουσαλὴμ
1120 2369 1360 2450 τυγχανουσῶν
1391 2369 1465 2434 τῶν
1495 2357 1634 2435 πόλεων

327 2467 388 2550 τῆς
402 2455 569 2544 Ἰουδαίας,
591 2458 770 2534 πάντοθεν
793 2457 880 2534 όδοί
902 2465 988 2551 ἦσαν
1010 2466 1172 2548 φέρουσαι
1194 2466 1248 2533 έπί
1271 2461 1336 2551 τὴν
1349 2462 1468 2534 Σιῶν.
1508 2460 1635 2546 ταύτας

328 2553 390 2633 οὖν
415 2555 435 2634 ό
461 2557 643 2650 προφήτης
670 2558 725 2632 διὰ
751 2560 817 2651 τὴν
843 2567 1072 2650 αἰχμαλωσίαν
1095 2565 1209 2650 <φησὶ>
1235 2569 1403 2633 πενθεῖν
1429 2572 1634 2652 σκυθρωπα-

327 2659 446 2748 ζούσας
467 2669 523 2732 καὶ
544 2664 581 2730 έν
604 2657 694 2747 πάσῃ
718 2665 835 2752 ἐρημία
855 2657 1067 2752 ὑπαρχούσας
1082 2667 1103 2746 †
1118 2667 1175 2730 καὶ
1195 2663 1234 2730 ἐν
1254 2665 1394 2742 έκείνοις
1409 2680 1481 2741 τοις
1495 2679 1633 2753 καιροῖς,

275 2769 309 2823 20
326 2753 385 2832 ὅτε
413 2759 525 2849 πολλὴ
557 2756 748 2850 εύφροσύνη
776 2766 832 2831 καὶ
858 2755 1020 2849 ίλαρότης
1046 2752 1090 2849 ἦν
1116 2764 1154 2832 έν
1176 2755 1305 2842 αὐτοῖς,
1333 2757 1557 2832 σπενδόντων
1578 2765 1633 2832 έπί

326 2859 471 2949 ἑορτὴν
491 2867 565 2930 τῶν
587 2855 830 2948 άπανταχόθεν
850 2855 1022 2932 Ἰουδαίων
1043 2863 1099 2930 ἐπὶ
1120 2857 1161 2929 τὸ
1181 2859 1278 2930 Σιῶν
1301 2849 1390 2948 όρσς.
1431 2866 1577 2931 πολλῶν
1598 2865 1634 2931 δὲ

325 2957 440 3030 ούσῶν
468 2967 541 3031 τῶν
570 2968 713 3032 πυλῶν
742 2967 815 3031 τῶν
842 2964 1134 3048 οίκοδομηθεισῶν
1155 2962 1193 3029 έν
1213 2957 1311 3028 Σιῶν
1332 2962 1370 3030 ἐκ
1390 2955 1536 3031 πάντων
1559 2965 1634 3031 τῶν

323 3056 508 3148 κλιμάτων,
540 3067 643 3148 φησίν
674 3053 693 3130 ό
725 3057 826 3149 λόγος
856 3056 984 3140 πάσας
1019 3054 1256 3147 ἠφανίσθαι,
1292 3064 1349 3126 καὶ
1385 3057 1479 3140 τούς
1515 3063 1632 3146 ίερείς

324 3156 544 3246 στενάζειν,
568 3155 732 3248 δηλονότι
755 3157 797 3229 τὰ
820 3157 971 3247 ἱερατικά
994 3162 1074 3247 ἔργα
1095 3156 1138 3228 τά
1160 3157 1248 3227 κατὰ
1271 3155 1333 3240 τὰς
1354 3153 1474 3244 ἑορτάς
1495 3162 1550 3226 καί
1570 3156 1632 3237 τὰς

273 3267 307 3320 25
324 3256 430 3339 ἄλλας
459 3255 581 3348 ἡμέρας
615 3255 656 3329 ού
676 3262 892 3346 ’δυναμένους
921 3261 1096 3342 έπιτελείν,
1131 3253 1209 3346 ἤτοι
1239 3261 1290 3346 τῷ
1323 3253 1580 3345 ᾐχμαλωτίσθαι
1609 3251 1631 3344 ἢ

325 3365 376 3447 τῷ
402 3362 529 3448 μηδένα
557 3359 641 3428 εἶναι
668 3356 732 3428 τόν
759 3355 950 3446 προσιόντα
977 3353 1093 3440 αὐτοῖς
1114 3363 1169 3428 καὶ
1192 3353 1253 3438 τὰς
1275 3362 1485 3444 λειτουργίας
1507 3355 1569 3438 τὰς
1588 3357 1631 3424 ίε·

323 3455 461 3541 ρατικὰς
496 3450 717 3528 άπαιτοῦντα.
773 3451 861 3528 ἀλλὰ
895 3462 951 3526 καὶ
986 3460 1023 3526 αἱ
1059 3461 1273 3546 παρθένοι,
1310 3461 1407 3544 φησί,
1442 3459 1504 3543 τῆς
1534 3454 1631 3525 Σιῶν

324 3549 514 3645 άγόμεναί
537 3561 607 3640 εἰσι,
630 3561 735 3645 δῆλον
758 3561 793 3626 δὲ
817 3549 871 3626 ὅτι
892 3553 960 3626 δπὸ
983 3562 1056 3626 τῶν
1078 3553 1341 3644 κεκρατηκότων
1362 3560 1547 3640 πολεμίων.

409 3725 486 3781 mr.
507 3725 569 3796 Vgl.
587 3724 695 3797 Olymp.
716 3727 770 3795 (Gh
789 3727 835 3792 111,
854 3727 909 3793 21):
932 3733 1008 3798 τρεῖς
1029 3722 1146 3794 καιροὺς
1166 3731 1217 3778 τοῦ
1239 3719 1370 3781 ἐνιαυτοῦ
1388 3720 1534 3780 ἐκέλευσεν
1551 3720 1567 3777 δ
1586 3720 1632 3777 νδ·

321 3829 377 3880 μσς
394 3817 517 3882 ....τι,ῖι
544 3809 653 3879 πάσχα,
679 3818 713 3880 τῇ
739 3805 825 3882 ἑορτῇ
849 3817 907 3866 τῶν
936 3807 1230 3882 πρωτογεννημάτων,
1253 3811 1302 3864 καί
1323 3815 1358 3878 τῇ
1380 3807 1564 3882 σκηνοπηγίᾳ.
1600 3802 1632 3862 έν

320 3893 436 3960 ταύταις
454 3887 504 3951 οὖν
521 3901 583 3960 ταῖς
600 3897 689 3967 τρισίν
708 3891 821 3968 ἑορταῖς
838 3893 867 3950 οί
884 3895 1066 3964 πανταχόθεν
1083 3888 1211 3950 Ἰουδαῖοι
1230 3891 1413 3964 συνέρχονται
1437 3889 1477 3957 είς
1490 3883 1630 3963 Ἰερουσα-

321 3982 384 4048 λὴμ.
419 3978 491 4035 κατὰ
514 3981 609 4035 τοίνυν
631 3980 682 4047 τὴν
706 3976 834 4052 ίστορίαν
853 3977 968 4045 οὐδενὸς
985 3976 1141 4050 ἐρχομένου
1159 3975 1190 4034 έν
1207 3984 1242 4046 τῇ
1261 3975 1339 4032 Σιὼν
1357 3975 1403 4032 διὰ
1421 3977 1470 4044 την
1488 3991 1629 4031 κατασκα-

321 4067 377 4134 φην
398 4070 448 4133 τῆς
465 4065 575 4129 πόλεως
592 4068 747 4120 πενθοῦσιν
766 4061 796 4120 αί
813 4059 882 4120 δδοί.
902 4093 934 4103 —-
953 4064 1022 4121 2θί.
1041 4063 1103 4133 Vgl.
1122 4061 1230 4134 Olymp.
1249 4064 1283 4130 (ο.
1301 4079 1324 4116 α
1343 4061 1396 4130 0.):
1428 4059 1501 4132 πρὸς
1522 4057 1574 4128 μέν
1595 4058 1630 4115 τὸ

320 4147 415 4220 ῥητόν,
433 4147 476 4204 διὰ
495 4147 528 4204 τὸ
546 4152 584 4218 μίγ
603 4143 675 4204 εἶναι
694 4149 760 4214 τοὺς
777 4147 1000 4221 προσφέροντας.

406 4299 425 4356 8
443 4297 540 4355 αἰτιῶν
553 4315 568 4353 ο
580 4299 651 4354 doch
662 4299 718 4370 vgl.
725 4299 750 4353 S.
756 4300 840 4364 244,2
855 4300 859 4365 1
874 4297 1032 4367 χωομένου
1045 4313 1060 4350 ο
1075 4297 1079 4364 Ι
1093 4297 1110 4352 5
1122 4295 1155 4351 τὸ
1168 4292 1414 4380 διεγηγερμένονο
1431 4295 1434 4362 Ι
1450 4289 1626 4366 ίπιίρχουσα]

321 4389 353 4442 ’<
366 4401 382 4438 0
397 4385 402 4452 Ι
417 4385 508 4440 θκαί1
522 4383 584 4437 Vah
598 4385 855 4452 ςτ.1153ί54<οο
887 4385 936 4438 καί
947 4381 1164 4454 κεκρατηκότων
1177 4399 1193 4435 ο
1208 4383 1211 4448 Ι
1225 4381 1261 4436 12
1276 4380 1368 4448 ουτος]
1381 4386 1537 4445 τοιοῦτοςο
1551 4400 1554 4421 ·
1568 4380 1630 4449 τρὶς

321 4473 347 4520 οι
359 4476 434 4540 τρεῖς
446 4469 501 4523 α*ο
514 4469 519 4534 1
533 4468 569 4523 Ιίί
581 4473 638 4522 τῶν
649 4467 762 4538 χρόνων
774 4485 790 4522 ο
802 4480 805 4529 ί
819 4469 855 4523 17
870 4463 931 4521 ὁδοί
944 4464 1023 4536 ἦσαν]
1037 4463 1211 4534 ὁδοποίησαν
1225 4483 1240 4520 ο
1253 4467 1255 4528 I
1268 4464 1304 4520 18
1316 4480 1383 4535 φησι
1402 4463 1444 4516 Gh
1460 4467 1463 4530 j
1478 4462 1519 4518 20
1531 4459 1630 4530 αὐταῖς

321 4551 399 4606 Βίεεε
412 4553 568 4607 Κοείεαίιευ
582 4552 587 4619 l
603 4546 903 4620 σπευδόντωνΗ-ίυςο
920 4554 922 4618 !
938 4551 975 4607 21
988 4547 1139 4619 Ἰουδαίων]
1152 4544 1275 4621 ἑβραίων
1288 4565 1318 4609 0:
1337 4549 1376 4604 22
1389 4547 1467 4617 τῶνί]
1481 4557 1542 4606 <ο
1558 4549 1562 4614 1
1578 4547 1627 4602 πό-

320 4639 393 4690 λεων
411 4635 500 4704 0125
520 4634 761 4705 αίχμαλωτεῖσθαι
779 4651 794 4688 ο
812 4634 1037 4706 αίχμαλωτίσθαι
1056 4634 1145 4704 0126
1161 4641 1201 4708 τῷ
1220 4633 1282 4690 vat.
1297 4651 1336 4704 gr,
1350 4633 1459 4698 1153154
1477 4630 1510 4687 τό
1529 4649 1569 4686 σο.
