3694 5542
309 455 365 517 172
748 447 886 517 Origenes’
905 445 1165 502 Jeremiahomilien.

306 609 366 680 ἐάν
391 615 495 697 πέσης
516 608 600 700 μετά
623 609 663 682 τὸ
685 608 801 682 πολλὰ
821 627 939 700 καμεῖν
961 604 1045 698 ῦπὲρ
1068 604 1243 696 ἀληθείας·
1272 613 1442 678 »τοσαῦτα
1462 603 1611 677 ἐπάθετε

306 713 405 798 είκῇι.
448 707 593 799 μάλιστα
616 714 648 781 ol
671 709 860 793 συνειδότες
882 711 1015 792 ἑαυτοῖς
1038 709 1191 790 πολλοῦς
1213 702 1343 788 πόνους
1365 703 1611 795 άνηντληκέναι

304 805 389 898 ῦπὲρ
415 807 551 900 άρετῆς,
580 805 756 897 ὀφείλουσι
782 817 975 897 φοβεῖσθαι,
1006 803 1138 897 μῆποτε
1165 806 1247 890 τοῦς
1272 805 1402 888 πόνους
1427 801 1544 875 αὐτῶν
1568 799 1611 892 [ἢ]

305 915 500 999 γενομένων
513 904 723 1000 Ἰερουσαλὴμ
744 907 922 1000 παραλάβῃ
944 903 1108 998 άμαρτίας
1130 906 1225 990 τινός
1240 913 1422 996 γενομένης
1437 911 1610 992 Ναβουχο-

271 1003 492 1098 5δονόσυρῦ
519 1014 581 1098 τῆς
609 1015 819 1094 Βαβυλῶνος
849 1006 1021 1093 βασιλεύς.Ι
1057 1011 1112 1079 ίνα
1140 1013 1176 1078 δὲ
1202 1013 1412 1096 σαφέστερον
1436 1009 1509 1092 ίδης
1536 1009 1612 1086 πῶς

305 1108 386 1190 τοῦς
408 1106 538 1190 πόνους
557 1103 768 1198 Ἰερουσαλὴμ
791 1103 1004 1199 άμαρτούσης
1025 1103 1281 1196 παραλαμβάνει
1296 1100 1610 1194 Ναβουχοδονόσορ,
1651 1134 1656 1146 ·

306 1205 531 1297 συγχρῆσομαι
561 1226 634 1290 τοῖς
664 1211 702 1278 ἐν
731 1214 783 1298 τῷ
809 1204 960 1297 Ἰεζεκιῆλ
991 1214 1231 1298 γεγραμμένοις
1258 1197 1370 1287 σῦτως
1397 1207 1541 1292 ἔχουσιν·
1574 1195 1611 1272 »ό

306 1313 432 1388 δίκαιος
453 1307 514 1378 ἐὰν
540 1302 739 1396 άποστρίφη
765 1303 834 1380 άπὸ
856 1314 930 1379 τῶν
952 1314 1177 1381 δικαιοσυνῶν
1200 1302 1305 1376 αῦτσῦ
1325 1312 1382 1376 καὶ
1403 1300 1527 1392 ποιήσῃ
1549 1329 1612 1372 πα-

305 1403 485 1497 ράπτωμα,
514 1401 555 1478 οῦ
575 1404 620 1495 μῆ
641 1404 880 1497 μνησθήσομαι
901 1414 976 1480 τῶν
998 1413 1225 1480 δικαιοσυνῶν
1248 1401 1354 1477 αύτοῦ
1377 1395 1428 1475 ῶν
1445 1407 1611 1490 ίπσίησει.

256 1515 289 1570 10
307 1504 361 1578 διὰ
384 1514 433 1591 vt,-
468 1505 529 1588 τὰς
550 1505 613 1594 γὰρ
628 1505 842 1589 δικαιοσύνας
860 1507 921 1590 τάς
936 1506 1020 1596 μετὰ
1034 1505 1146 1580 πόνου
1159 1511 1343 1596 γενομένας
1357 1497 1613 1592 παραλαμβάνει

307 1602 613 1694 Ναβουχοδονόσορ
626 1611 682 1677 καὶ
698 1603 852 1694 ἀφανίζει
869 1602 1176 1694 Ναβουχοδονόσσρ
1191 1599 1210 1677 ό
1226 1601 1379 1688 βασιλεῦς
1394 1607 1611 1685 Βαβυλῶνος.

391 1711 476 1774 »Καὶ
497 1709 610 1776 πᾶσαν
629 1703 748 1795 τιμῆνι
766 1711 828 1796 τῆς
842 1702 1053 1794 Ἰερουσαλὴμ
1067 1700 1328 1794 παραλαμβάνει,
1351 1696 1410 1774 ότε
1424 1700 1613 1791 ἄνθρωπος

306 1801 487 1894 γενόμενος
501 1807 539 1874 ίν
554 1811 633 1894 τιμῇ
647 1801 715 1876 ῦπὸ
730 1811 815 1877 θεοῦ
829 1812 885 1878 καί
903 1810 958 1878 »ἐν
972 1813 1051 1894 τιμῇ
1067 1801 1136 1876 ῶνα
1157 1801 1217 1877 ιού
1231 1808 1371 1892 συνῆκε(
1388 1796 1613 1890 καὶῆμαρτεν.

306 1904 367 1976 ἐάν
389 1896 452 1977 οῦν
474 1907 563 1992 εἰδῇς
584 1907 622 1974 ἐν
649 1911 728 1994 τιμῇ
750 1897 802 1975 όόν
823 1915 877 1978 καί
899 1909 1040 1992 κληθείς
1064 1909 1111 1987 είς
1134 1903 1198 1993 τῆν
1220 1901 1322 1992 τιμῆν
1342 1899 1448 1973 πάλιν
1470 1895 1613 1971 σεαυτὸν

256 2011 289 2065 15
307 2001 361 2075 διὰ
382 2010 456 2074 τῶν
477 1998 728 2092 άμαρτημάτων
749 2001 894 2094 ῦβρίσης,
916 2002 981 2094 τῆν
1003 2001 1104 2092 τιμῆν
1125 2009 1187 2093 τῆς
1204 1998 1416 2092 Ἰερουσαλὴμ
1437 2011 1612 2088 παραλαμ-

306 2099 401 2186 βάνει
416 2097 435 2172 ό
451 2101 673 2186 Βαβυλώνιος
694 2102 857 2188 βασιλεύς.
897 2113 968 2176 »καί
990 2100 1124 2184 πάντας
1146 2102 1228 2186 τοῦς
1242 2100 1436 2190 θησαυρούς
1449 2105 1613 2186 βασιλέως

306 2199 437 2274 Ἰούδαν.
479 2213 626 2274 πλουτεῖ
653 2199 673 2292 ῆ
699 2199 926 2293 Ἰερουσαλήμ,
958 2199 1032 2276 ἀλλ’
1055 2201 1114 2275 ίὰν
1141 2199 1287 2292 άμάρτη,
1315 2199 1396 2282 τοῦς
1423 2197 1613 2288 θησαυρούς

307 2297 412 2391 αῦτῆς
433 2299 592 2392 λαμβάνει
608 2296 627 2373 ό
644 2302 876 2387 Βαβυλώνιος.
917 2309 989 2374 »καὶ
1005 2308 1217 2391 διαρπῶνται
1233 2297 1357 2383 αύτούς
1370 2307 1426 2371 καὶ
1442 2296 1613 2388 λήψονται

222 2415 290 2469 311τ
307 2398 431 2484 αύτούς
452 2408 508 2472 καὶ
530 2399 669 2488 ἄξουσιν
685 2397 810 2485 αύτοῦς
824 2407 871 2484 είς
886 2409 1088 2485 Βαβυλῶνα.
1116 2409 1173 2472 καὶ
1187 2400 1238 2481 σύ,
1260 2399 1414 2490 Πασχῶρ,
1436 2404 1441 2488 Ι
1457 2405 1513 2468 καί
1527 2393 1612 2468 πάν-

255 2517 289 2574 20
306 2529 363 2584 τες
393 2503 424 2572 σί
450 2507 692 2583 κατοικοῦντες
718 2507 755 2574 ἒν
781 2507 833 2592 τῷ
859 2506 943 2592 οίκφ
971 2525 1033 2574 σου
1056 2499 1245 2591 πορεύεσθε
1272 2504 1308 2572 ἐν
1335 2505 1542 2587 αἰχμαλωσίᾳ
1568 2498 1613 2578 είς

307 2606 507 2684 Βαβυλῶνα,
528 2597 625 2672 κάκεῑ
644 2598 816 2690 άπσθανῇ,
838 2599 936 2674 κάκεῐ
954 2600 1119 2691 ταφῆσηι.
1158 2596 1177 2672 ό
1199 2605 1236 2671 ἐν
1257 2597 1421 2688 Συγχύσει
1442 2606 1612 2684 καταλαμ-

306 2695 492 2789 βανόμενος
514 2703 551 2770 ἐν
567 2705 748 2784 Βαβυλῶνι
771 2697 995 2789 άποθνῇσκει·
1025 2707 1080 2772 καὶ
1103 2695 1122 2772 ῦ
1144 2705 1311 2781 ἐναντίως
1333 2703 1540 2786 διακείμενος
1562 2699 1614 2783 τῷ

306 2795 566 2870 συνθάπτεσθαι
588 2805 639 2890 τῷ
663 2805 817 2892 Χριστῷ,
841 2793 944 2884 οῦτος
965 2804 1002 2871 ἐν
1026 2807 1210 2886 Βαβυλῶνι
1230 2794 1411 2870 θάπτεται.
1459 2792 1613 2883 ἔστιγὰρ

305 2904 361 2970 καὶ
392 2905 543 2987 ταφῆναι
572 2898 657 2986 μετὰ
686 2905 838 2988 Χριστοῦ
869 2907 985 2984 καλῶς
1015 2899 1069 2972 διὰ
1099 2905 1163 2972 τοῦ
1192 2905 1424 2987 βαπτίσματος
1452 2893 1541 2966 κατὰ
1570 2891 1612 2964 τό

255 3013 288 3068 25
310 2994 564 3087 »συνετάφημεν
585 3003 637 3087 τῷ
662 3005 815 3089 Χριστῷ,
843 3006 900 3070 καὶ
922 3006 1169 3088 συνανέστημεν
1191 2993 1316 3086 αύτῷι.
1359 2993 1407 3078 ῶς
1428 2990 1613 3085 μυστῆριόν

307 3101 379 3168 ἐστι
399 3094 441 3168 τό
463 3103 676 3186 συνταφῆναι
698 3105 749 3188 τῷ
772 3104 921 3188 Χριστῷ,
945 3091 1037 3171 οῦτω
1058 3091 1245 3186 μυστήριόν
1267 3099 1338 3166 ἐστι
1358 3097 1446 3168 κατὰ
1468 3091 1613 3182 άνομίαν

307 3192 490 3286 γενόμενον
518 3201 594 3282 [ἐπὶ]
622 3196 663 3269 τὸ
694 3193 899 3287 άμαρτωλόν
926 3191 1011 3269 ὄντα
1038 3202 1189 3286 ταφῆναι
1215 3201 1262 3279 είς
1289 3201 1486 3280 Βαβυλῶνα
1540 3199 1613 3264 »καὶ

307 3292 451 3378 πάντες(
473 3302 575 3383 φησίν
600 3300 650 3368 »σί
672 3305 769 3384 φίλοι
790 3319 851 3369 σου
872 3299 942 3368 ἐκεῖ
961 3293 1187 3370 ἀπελεύσεσθε
1210 3295 1261 3376 οίς
1282 3292 1538 3385 ίπροφῆτευσας
1559 3287 1614 3364 αῦ-

308 3412 380 3476 τοίς
410 3399 546 3484 ψευδῆι.
595 3390 613 3467 ό
641 3394 861 3486 διηγούμενος
890 3401 1005 3480 κακῶς
1036 3395 1080 3468 τά
1105 3391 1203 3484 λόγια
1227 3399 1291 3465 τοῦ
1311 3398 1397 3465 θεοῦ
1422 3399 1478 3464 καὶ
1504 3391 1585 3472 τοῦς
1605 3395 1615 3480 il
1635 3411 1686 3468 259

256 3507 290 3562 30
307 3493 544 3584 προφητικσῦς
563 3489 686 3582 λόγους
707 3492 847 3579 βάλλων
868 3499 916 3578 είς
933 3492 1183 3586 καταρράκτην,
1204 3490 1412 3584 προφητεύει
1426 3497 1487 3581 μὲν
1502 3481 1613 3572 οὗτος,

308 3591 516 3682 προφητεύει
537 3598 573 3664 δὲ
594 3599 714 3683 ψευδῆ·
736 3592 955 3683 διηγούμενος
975 3592 1039 3683 γάρ
1061 3623 1114 3676 τις
1134 3593 1217 3676 τοῦς
1230 3591 1466 3680 προφητικσῦς
1481 3586 1614 3680 λόγους,

307 3693 367 3764 ἐὰν
388 3699 449 3783 μὲν
471 3690 630 3782 άληθεύη,
652 3700 708 3764 καὶ
730 3690 834 3776 αῦτὸς
854 3692 1063 3785 προφητεύει
1084 3701 1139 3764 καὶ
1161 3688 1371 3780 προφητεύει
1386 3687 1508 3781 άληθῆ,
1531 3695 1560 3762 εί
1580 3695 1615 3760 δὲ

396 3897 411 3953 1
437 3896 500 3966 Vgl.
523 3896 583 3951 Gal.
602 3898 626 3965 3,
643 3900 668 3951 4.
689 3927 723 3938 -
751 3897 799 3964 2)3
827 3897 890 3967 Vgl.
908 3897 936 3950 in
959 3896 1060 3952 Matth.
1077 3895 1153 3951 Tom.
1172 3895 1213 3960 13,
1232 3895 1266 3950 23
1283 3893 1332 3962 (Lo
1350 3897 1374 3958 3,
1392 3895 1464 3962 254)
1493 3893 1533 3960 μῆ
1549 3895 1614 3964 βου-

307 3985 436 4049 ληθεῖσιν
458 3977 613 4048 ἀνατλῆναι
639 3980 705 4047 τοῦς
726 3977 797 4054 ὑπὲρ
820 3979 922 4054 ἀρετῆς
939 3981 1054 4045 πόνους.
1080 4009 1113 4019 -
1143 3980 1157 4034 7
1177 3977 1276 4033 Ezeeh.
1294 3979 1335 4043 13,
1353 3979 1407 4034 242
1433 4006 1467 4017 -
1494 3977 1533 4033 13
1552 3975 1613 4046 Vgl.

308 4065 438 4130 Pam&
458 4065 498 4120 13.
522 4065 876 4136 -21731317919
898 4095 932 4106 -
956 4065 995 4121 23
1022 4063 1258 4133 τρι.αοω.ο,ι
1279 4061 1480 4131 (11012122).
1511 4089 1543 4100 -
1575 4061 1614 4116 25

307 4149 384 4204 Rom.
403 4150 431 4212 6,
449 4153 473 4205 4.
512 4148 567 4203 Zur
590 4149 671 4206 Form
694 4151 720 4205 d.
738 4151 825 4205 citata
846 4150 902 4220 νεὶ.
919 4149 950 4204 in
975 4147 1036 4204 1011
1054 4147 1131 4202 Tom.
1149 4151 1177 4212 1,
1195 4149 1228 4202 27
1256 4146 1304 4215 (Br
1320 4147 1340 4214 Ι,
1358 4147 1399 4212 35,
1418 4145 1481 4214 61),
1504 4161 1527 4200 α.
1546 4145 1614 4199 Gelu.

307 4234 332 4294 2,
350 4235 384 4290 69
401 4232 487 4302 (Orig.
504 4234 524 4293 Ι,
545 4236 601 4302 190,
621 4235 695 4300 191),
712 4235 741 4289 in
759 4235 859 4288 Matth.
877 4233 981 4290 Gomm.
999 4235 1031 4288 77
1051 4233 1141 4302 (1104,
1160 4232 1228 4300 399),
1245 4249 1273 4287 u.
1291 4236 1315 4285 ὁ.

395 4433 413 4486 2
433 4431 597 4501 συνειδότες]
617 4431 803 4498 συνιδόντεςθ
818 4433 822 4500 Ι
838 4427 1041 4502 ἀνηντληκίναι
1052 4432 1088 4485 V¹
1102 4427 1288 4501 ἀνητληκίναι
1306 4427 1379 4495 SV*;
1401 4429 1472 4485 doch
1483 4427 1539 4498 vgl.
1552 4427 1613 4495 οῦ.)

310 4515 349 4571 14
372 4513 447 4584 εἰδῇς
464 4517 620 4571 Koetschau
638 4512 700 4585 l'dqg
718 4518 735 4571 S
755 4518 760 4584 )
780 4518 895 4585 κληθείς
917 4517 955 4572 Co
977 4519 1084 4585 κληθῇς
1106 4517 1123 4571 S
1144 4517 1147 4583 Ι
1168 4516 1205 4570 27
1231 4510 1278 4570 ίπί
1299 4519 1338 4587 τῷ
1356 4513 1412 4584 [εἰσ]
1432 4513 1475 4567 Gh
1498 4508 1544 4568 ἐπί
1565 4509 1615 4567 τόν

310 4599 348 4654 Co
369 4601 371 4667 ζ
398 4599 437 4655 33
460 4598 556 4672 βάλον
574 4599 607 4654 S*
625 4598 739 4672 βάλλων
757 4601 838 4656 30071·
