3694 5542
322 463 380 524 194
505 455 644 526 Origenes'
661 455 920 514 Jeremiahomilien.
954 456 1074 512 Homilie
1092 455 1150 512 XX.
1179 454 1277 511 Jerem.
1290 457 1331 521 20,
1344 455 1436 512 7-12,

319 614 509 708 ἡγουμένου
530 620 575 690 τὰ
595 615 734 706 πλευρά,
757 623 825 690 έκεῖ
844 624 879 689 δὲ
901 615 963 690 οὐκ
986 621 1023 690 ἐκ
1045 615 1261 709 προστάξεως
1283 625 1377 702 θεοῦ,
1400 615 1474 690 ἀλλ’
1497 614 1552 690 ὑπ’
1569 616 1625 690 αό-

318 723 382 789 τοῦ
404 724 467 789 τοῦ
488 723 606 805 κυρίου
628 715 782 804 ἐτάζεταί
804 747 855 802 τις
877 717 1023 807 νεφροὺς
1044 724 1099 789 καὶ
1121 725 1267 806 καρδίας,
1291 716 1377 807 εἰμὴ
1394 717 1458 808 ἄρα
1474 722 1624 792 ἐνταῦθα

319 823 406 904 λέγω
429 817 493 889 τὸν
514 823 575 907 μὲν
593 815 893 908 προστασσόμενον
919 817 1004 888 εἰναι
1026 815 1090 889 τόν
1111 814 1197 902 υἱόν,
1220 817 1283 890 τὸν
1305 823 1341 888 δὲ
1362 815 1624 907 προστάσσοντα

318 918 403 988 εἶναι
433 916 497 989 τὸν
524 925 665 1006 πατέρα,
693 925 749 988 καὶ
781 917 844 990 τὸν
874 914 978 1006 λόγον
1009 919 1094 988 εἶναι
1125 917 1187 989 τὸν
1217 914 1384 1004 ἐτάζοντα
1410 923 1547 1006 καρδίας
1569 926 1623 989 καὶ

283 1031 299 1083 5
318 1015 471 1106 νεφρούς.
504 1023 560 1087 καὶ
582 1025 703 1089 πασῶν
725 1047 760 1107 γε·
783 1027 909 1107 νομίζω
931 1014 1098 1101 βασάνων,
1119 1014 1265 1088 πάντων
1286 1023 1360 1090 τῶν
1381 1013 1504 1090 πόνων
1524 1017 1623 1106 βαρύ·

316 1144 399 1205 τερα
429 1116 472 1188 τά
503 1113 571 1189 ἀπὸ
602 1115 807 1207 τοῦλόγου,
832 1111 1528 1206 ότανέτάζῃκαίκαρδίαςκαλνεφροός.
1571 1117 1623 1190 διὸ

316 1212 431 1286 πάντα
459 1214 673 1306 πράττωμεν,
703 1217 759 1288 ίνα
794 1215 839 1306 μὴ
876 1222 1128 1305 παραδοθῶμεν
1163 1221 1282 1308 ἐκείνῳ
1314 1223 1364 1306 τῷ
1396 1221 1539 1307 έτασμῷ.
1583 1209 1623 1288 οὗ

317 1319 464 1405 έτασμοῦ
486 1321 599 1407 οἴομαι
622 1319 769 1389 ἔλαττον
791 1313 931 1404 πάσχειν
945 1317 1026 1398 τοὺς
1041 1321 1329 1406 παραδιδομένους
1344 1335 1417 1400 τοῖς
1433 1323 1623 1407 λεγομένοις

317 1417 353 1485 έν
373 1423 424 1506 τῷ
441 1411 622 1506 εὐαγγελίῳ
638 1424 865 1500 βασανισταῖς·
886 1423 1027 1498 πολλοῖς
1042 1414 1104 1505 γάρ
1119 1422 1374 1503 παραδίδονται,
1392 1412 1476 1503 τάχα
1491 1424 1624 1488 πλείοσι

186 1541 188 1548 ’
265 1525 299 1580 10
315 1522 530 1598 βασανισταῖς
556 1515 643 1588 κατά
670 1515 735 1606 τὴν
761 1511 881 1605 ἀρχήν,
909 1511 1044 1586 οὐδέπω
1070 1515 1159 1602 ἄξιοι
1183 1513 1354 1604 γινόμενοι
1375 1521 1622 1604 παραδίδοσθαι

230 1627 298 1682 326v
316 1615 364 1684 ἑνὶ
392 1611 484 1703 λόγω
507 1622 559 1706 τῷ
580 1614 735 1702 έτάζοντι
757 1623 894 1702 καρδίας
915 1621 971 1684 καὶ
994 1613 1147 1704 νεφρούς.
1165 1622 1171 1699 1
1190 1609 1210 1686 ό
1231 1613 1394 1697 πλούσιος
1415 1617 1542 1699 ἐκεῖνος
1564 1612 1619 1687 ου’-

317 1719 410 1785 δέπω
442 1713 534 1800 ἄξιος
559 1707 602 1804 ἦν
628 1720 867 1804 παραδοθῆναι
893 1719 944 1804 τῷ
967 1711 1123 1800 ἑτάζοντι
1144 1720 1282 1804 καρδίας
1303 1721 1358 1786 καὶ
1380 1712 1537 1802 νεφρούς·
1568 1712 1621 1785 διὰ

316 1819 421 1884 τοῦτο
448 1809 515 1884 άπὸ
542 1812 714 1887 πλειόνων
740 1820 962 1901 ἐβασανίζετο.
1005 1806 1148 1904 ὕστερον
1175 1818 1211 1884 δὲ
1237 1819 1342 1886 εἶκαὶ
1364 1818 1490 1897 ἐκεῖνος
1514 1819 1618 1886 τοῦτο

316 1910 433 2001 πάσχει
462 1908 485 2002 ἢ
514 1911 573 2003 μή,
606 1909 625 1986 ό
653 1912 835 2002 δυνάμενος
861 1918 1053 2000 ἐξεταζέτω.
1095 1913 1187 2004 πλὴν
1218 1912 1260 1984 τά
1286 1919 1512 2003 περιμένοντα
1537 1909 1621 2003 ἡμᾶς

265 2030 297 2084 15
315 2014 386 2082 ἐστι
413 2020 608 2096 βασανισταὶ
635 2021 691 2084 καὶ
713 2009 844 2099 ἐτάζων
865 2012 927 2096 τὰς
948 2019 1085 2101 καρδίας
1106 2020 1161 2084 καὶ
1185 2013 1327 2102 νεφροὺς
1347 2017 1403 2083 ἐπὶ
1424 2030 1497 2096 τοῖς
1518 2008 1620 2103 άμαρ-

316 2109 459 2200 τὴμασιν
489 2109 599 2202 ἡμῶν·
630 2104 681 2182 σόν
711 2107 964 2202 ἁμαρτημάτων
990 2110 1050 2184 ἐὰν
1080 2111 1124 2200 μὴ
1155 2109 1273 2200 τάχιον
1300 2107 1557 2204 ἀπαλλαγῶμεν,
1585 2118 1620 2184 έν

316 2209 453 2294 τούτοις
483 2210 637 2300 ἐσόμεθα.
681 2209 734 2282 διό
765 2209 973 2294 άναστάντες
1003 2211 1069 2302 τὴν
1098 2208 1166 2282 άπὸ
1194 2220 1256 2284 τοῦ
1282 2219 1366 2283 θεοῦ
1387 2210 1551 2302 βοήθειαν
1572 2218 1619 2283 αἰ·

313 2308 563 2432 τὴσωμεν,,ίνα
589 2315 626 2382 ἐν
652 2317 790 2402 Χριστῷ
817 2306 922 2399 Ἰησοῦ
951 2319 1228 2401 μακαρισθῶμεν,
1260 2303 1289 2402 ᾦ
1317 2309 1336 2402 ἡ
1360 2309 1441 2399 δόξα
1468 2313 1513 2395 είς
1539 2313 1621 2396 τοὺς

312 2415 446 2492 αἰῶνας.
490 2407 594 2501 Αμήν.

396 2579 494 2650 8vgl.
513 2581 612 2638 τισιν.
625 2546 665 2643 ιο,
679 2583 720 2636 3ο
738 2609 771 2620 -
791 2580 828 2636 11
848 2579 910 2649 vgl.
928 2580 996 2634 ιιι.
1012 2582 1052 2646 ιο,
1064 2581 1106 2637 23.

397 2730 416 2785 θ
434 2725 517 2800 ἐτάζρ
533 2731 592 2800 καὶ]
611 2727 695 2799 έτάζρ
713 2730 756 2786 Gh
773 2726 904 2798 έτάζηται
923 2730 940 2784 S
956 2733 959 2797 Ι
983 2731 996 2785 ⁷
1017 2728 1137 2794 πάνταξ
1154 2730 1172 2784 S
1192 2731 1242 2784 mit
1254 2731 1361 2786 ausrad.
1380 2751 1394 2796 ς
1409 2733 1412 2798 Ι
1431 2731 1466 2786 14
1482 2729 1568 2801 πάχει
1584 2729 1617 2784 S*

311 2813 413 2886 πάσχει
431 2815 511 2869 θῦῡπ·
526 2818 531 2883 1
549 2816 586 2872 Ῑθ
598 2811 692 2885 Ἀμήν]
703 2821 734 2878 ÷
745 2809 841 2883 δμιλία
854 2814 912 2884 [sio]
925 2815 955 2879 83
974 2814 1031 2868 dies
1043 2815 1127 2880 kann,
1140 2813 1306 2885 wenigsten·
1318 2817 1391 2870 nach
1402 2815 1464 2870 dem
1477 2814 1618 2885 sonatigen

310 2898 420 2954 Brauch
436 2897 484 2953 der
496 2899 682 2968 Handsohrist,
700 2898 800 2954 ebenso
818 2901 868 2970 gut
886 2899 927 2954 als
945 2897 1128 2952 Unterschn'st
1149 2897 1198 2953 der
1216 2899 1317 2954 letzten
1330 2897 1562 2956 Jeromiahomilie
1574 2915 1617 2968 ge»

310 2984 397 3038 meint
419 2984 489 3051 sein,
512 2983 565 3037 wie
588 2983 629 3038 als
646 2972 815 3038 Ubemchrist
837 2983 885 3038 des
902 2982 1061 3052 Folgenden
1080 2981 1531 3052 (τςί.01οωεαίοίΑ1οιααδτία,
1554 2982 1618 3048 Quis

310 3067 387 3122 dives
404 3068 524 3123 salvetur
543 3067 584 3122 ed.
603 3067 725 3122 Barnard
743 3066 800 3121 TSt
819 3068 888 3133 v,2‚
903 3067 935 3136 1).
970 3065 1049 3120 Doch
1066 3067 1115 3119 hab
1134 3065 1165 3132 V,
1183 3065 1231 3121 der
1253 3067 1305 3122 wie
1322 3069 1340 3123 S
1357 3081 1410 3123 nur
1427 3069 1459 3123 19
1472 3068 1613 3137 Origenes-

309 3151 443 3206 homilien
454 3152 553 3206 kannt:
573 3159 604 3216 -γ-
619 3149 715 3220 δμιλιά
733 3144 772 3216 κ’ῗ,
792 3151 887 3206 womit
904 3151 977 3205 daun
990 3150 1055 3216 Quis
1073 3151 1149 3205 dives
1167 3152 1288 3208 salvetur
1306 3153 1427 3222 gemeint
1444 3152 1503 3208 sein
1514 3151 1614 3207 νῆα-δε.
