3694 5542
772 427 911 498 Origenoe’
928 427 1188 484 Joremiahomilien„

756 594 811 661 Nr.
833 595 926 662 XLII.
968 596 1083 662 Jerem.
1098 601 1147 677 28,
1161 601 1213 662 27.Ι

410 745 496 829 (119)
530 739 573 812 Τὸ
600 736 791 830 ἁγιάσατε
818 745 917 832 ἔθνη
946 739 1024 813 άντὶ
1055 748 1118 813 τοῦ
1152 738 1350 830 άφορίσατε·
1381 735 1540 829 ἁγιασμὸς
1571 737 1633 827 γάρ

329 834 349 927 ἦ
376 846 461 910 θεοῦ
490 836 666 928 ύπηρεσία,
701 835 812 931 κάνῇ
843 838 1054 932 τιμωρητική
1081 847 1137 913 καί
1166 847 1307 930 βέβηλος
1339 835 1358 912 δ
1388 837 1474 930 πρὸς
1504 835 1634 926 ταύτην

329 935 576 1030 ἀφωρισμένος·
598 935 718 1024 δποῑος
740 933 783 1031 ἦν
805 937 966 1032 όΚῦρος,
990 941 1077 1032 πρὸς
1099 935 1140 1012 όν
1162 964 1245 1031 φησι
1267 939 1322 1011 διὰ
1342 936 1487 1012 Ἡσαΐου·
1519 937 1577 1008 »ού
1598 942 1634 1008 δέ

293 1035 392 1112 5ούκ
426 1041 534 1127 ἔγνως
563 1069 631 1128 μοι.
679 1039 756 1112 τινά
785 1046 822 1111 δὲ
852 1050 925 1114 τῶν
957 1041 1077 1130 (κατὰ)
1108 1047 1316 1124 Βαβυλῶνος
1352 1035 1634 1127 στρατευσάντων

329 1134 485 1209 ἐκάλεσεν
507 1140 601 1230 ἔθνη,
624 1144 661 1211 ἐν
683 1140 733 1222 οἱς
754 1137 917 1231 Ἁραράτ
940 1142 1021 1225 τούς
1042 1137 1231 1229 Ἀρμενίους
1252 1135 1376 1212 καλεῖ]

746 1310 800 1377 Nr.
821 1311 930 1378 XLIII.
972 1312 1087 1378 Jerem.
1102 1315 1151 1391 28,
1165 1317 1214 1377 29.

411 1441 496 1525 (120)
524 1431 701 1526 Ἕσείσθη
735 1444 771 1508 δέ
801 1434 822 1527 ἦ
851 1443 911 1528 γῆ,
942 1444 1017 1510 τῶν
1052 1433 1104 1508 ἐπ’
1132 1432 1236 1527 αύτῆς
1265 1431 1468 1524 άνθροόπων
1498 1438 1535 1505 έν
1562 1451 1634 1517 τοῖς

328 1533 515 1624 προάγουσι
535 1533 670 1624 χρόνοις
690 1544 821 1626 παγίως
842 1541 1030 1626 ἱδρυμένων
1050 1545 1106 1608 καί
1127 1533 1328 1625 βεβαιότητα
1350 1530 1504 1622 ἐχόντων
1526 1537 1563 1603 ἐν
1581 1533 1634 1616 αἱς

278 1655 311 1712 10
328 1625 415 1722 ἦσαν
445 1639 663 1724 δδΙναστείαις
694 1665 732 1708 τε
756 1641 811 1706 καὶ
831 1644 1025 1724 βασιλείαις,
1057 1635 1100 1706 τά
1127 1641 1162 1706 δὲ
1185 1641 1246 1706 νῦν
1267 1632 1457 1724 μεταβολὴν
1477 1632 1633 1722 πονηράν
1655 1645 1709 1700 320

328 1741 384 1805 καὶ
410 1735 588 1818 ἐπτόδυνον
614 1741 806 1824 δεχομένων
832 1733 897 1826 τὴν
919 1738 1065 1825 ἐρημίαν.
1107 1741 1163 1806 καί
1183 1741 1274 1806 πάσα
1296 1740 1333 1805 δὲ
1355 1731 1487 1805 διάνοια
1509 1741 1634 1820 Βαβυ-

330 1841 483 1905 λωνίαν
507 1840 581 1924 γῆν
603 1838 758 1925 ἐσχηκυῖα
777 1840 815 1906 έκ
836 1840 898 1924 τῆς
919 1832 1007 1924 πρὸς
1028 1835 1092 1926 τὴν
1113 1831 1278 1922 τοιαύτην
1299 1828 1451 1918 άσέβειαν
1471 1839 1528 1903 καί
1548 1830 1635 1920 Σόγ-

327 1955 424 2020 χυσιν
452 1941 687 2022 προσπαθείας
716 1940 868 2025 σειομένη
902 1930 1086 2020 ἀποβάλλει
1114 1932 1179 2023 τὴν
1208 1930 1371 2022 τοιαύτην
1401 1928 1552 2003 διάθεσιν
1581 1934 1635 2002 ἐπὶ

331 2039 383 2122 τῷ
405 2032 636 2123 πνευματικὴν
656 2039 713 2104 καλ
735 2030 941 2124 ἐπουράνιον
964 2035 1033 2120 έξιν
1055 2028 1245 2120 άναλαβεῑν.

280 2219 312 2272 15
706 2201 762 2268 Nr.
783 2202 896 2269 XLIV.
938 2204 1053 2270 Jerem.
1070 2207 1117 2282 28,
1134 2207 1264 2271 30-33.

413 2334 498 2416 (121)
523 2327 607 2410 Θεὸς
629 2326 691 2418 γάρ
713 2321 756 2418 ἦν
778 2323 797 2400 ό
820 2334 926 2401 τοῦτο
947 2336 1070 2414 ποιῶν,
1094 2323 1183 2400 δκαὶ
1199 2328 1254 2401 διὰ
1267 2323 1401 2399 Ἠσαίου
1421 2325 1506 2417 πρὸς
1522 2333 1636 2415 Κῦρον

332 2427 452 2500 είπιόν·
486 2430 570 2517 »ἐγὼ
601 2435 636 2500 δὲ
663 2433 857 2518 ἔμπροσθέν
883 2452 945 2499 σου
970 2427 1176 2519 πορεύσομαι
1201 2433 1257 2499 καὶ
1280 2420 1342 2516 όρη
1365 2421 1505 2516 δμαλιῶ,
1528 2429 1637 2518 θύρας

328 2533 455 2616 χαλκᾶς
480 2536 656 2617 συντρίψω
682 2535 739 2598 καὶ
763 2526 910 2616 μοχλούς
937 2534 1091 2618 σιδηροῦς
1117 2524 1332 2599 συνθλάσωι.
1374 2534 1430 2598 καὶ
1451 2527 1543 2615 παρά
1564 2544 1637 2608 τοις

332 2631 396 2712 ἔξω
418 2626 481 2716 γάρ
503 2625 665 2710 τοιαύτας
687 2630 773 2716 ἔχειν
794 2623 971 2716 ἱστόρηται
992 2625 1100 2711 πύλας
1122 2623 1336 2716 ἦΒαβυλαόν,
1357 2633 1414 2697 καὶ
1435 2631 1473 2698 ἐκ
1495 2633 1569 2698 τῶν
1591 2632 1638 2708 είς

280 2738 314 2794 20
332 2724 396 2797 τόν
416 2723 575 2814 ποταμόν
601 2731 703 2816 μέσον
726 2718 811 2798 ὄντα
835 2724 1056 2812 καταβάσεων
1079 2729 1313 2811 ἑαλωκέναι,
1336 2734 1455 2818 μέρους
1477 2728 1639 2814 ἐκατέρου

332 2831 589 2915 συναπτομένυυ
610 2825 768 2915 γεφύραις
789 2826 881 2916 παρὰ
903 2825 964 2908 τὰς
986 2822 1174 2915 άναγούσας
1195 2829 1250 2898 ἐπὶ
1272 2825 1337 2916 τὴν
1357 2823 1461 2898 πόλιν
1482 2822 1637 2911 άνόδους,

331 2923 417 3013 πρδς
447 2922 607 3014 ἑκάτερον
632 2931 733 3013 μέρος
758 2929 959 3016 διῃρημένης
985 2931 1046 3016 τῆς
1066 2922 1210 3008 πόλεως.
1251 2933 1308 2996 καί
1329 2949 1432 3014 φησιν
1453 2921 1475 3015 ἡ
1496 2928 1637 3014 ἱστορία,

332 3021 380 3108 αἱς
410 3031 484 3096 τῶν
512 3020 591 3114 παρ’
615 3028 736 3112 ἔσχατα
762 3031 824 3114 τῆς
850 3021 984 3109 πόλεως
1011 3020 1244 3114 ἁλισκομένων
1270 3029 1303 3096 οἱ
1329 3023 1428 3096 ἄλλοι
1448 3021 1639 3114 πανήγυριν

333 3121 474 3212 άγοντες
504 3122 558 3194 διδι
587 3121 628 3195 τό
657 3129 801 3214 μέγεθος
829 3129 890 3214 τῆς
916 3121 1050 3208 πόλεως
1073 3121 1135 3197 ούκ
1155 3122 1364 3213 ᾐσθάνοντο,
1387 3119 1446 3196 ότε
1470 3119 1518 3206 σός
1539 3119 1637 3205 εἰκός,

280 3236 313 3290 25
333 3229 407 3295 τῶν
436 3229 498 3312 μὲν
528 3229 584 3307 είς
613 3219 805 3312 άγγελίαν
834 3219 1079 3313 τρεχόντων,
1110 3230 1186 3294 τῶν
1215 3229 1252 3294 δὲ
1282 3231 1415 3296 λοιπῶν
1445 3227 1482 3295 ἐκ
1511 3221 1639 3310 ταύτης

331 3319 624 3410 ύποστρεωόντων
653 3323 804 3412 θορύβου
833 3321 946 3414 πλήρη
973 3323 1037 3414 τὴν
1063 3321 1168 3396 πόλιν
1192 3320 1362 3414 ύπάρχειν.
1409 3319 1638 3412 συστήματα

332 3427 368 3492 δέ
389 3428 453 3492 νῦν
474 3420 536 3504 τάς
558 3427 665 3507 οἰκίας
687 3425 773 3494 ἔοικε
795 3427 923 3512 λέγειν·
948 3429 992 3511 τῇ
1014 3421 1076 3512 γάρ
1099 3431 1249 3515 συνεχείᾳ
1270 3423 1356 3511 πρὸς
1376 3419 1527 3512 άλλὴλας
1549 3429 1638 3492 συνί-

331 3543 468 3592 σταντο.
510 3518 562 3592 διὸ
590 3525 753 3612 ἐπιφέρει·
788 3526 824 3594 οἱ
861 3523 969 3595 οἶκοι
1002 3529 1197 3608 βασιλέως
1229 3529 1472 3610 Βαβυλῶνος
1507 3527 1564 3593 καὶ
1595 3519 1638 3591 τά

332 3622 419 3710 ἑξῆς·
441 3614 547 3709 ἤγουν
570 3616 637 3692 άπδ
660 3629 734 3694 τῶν
756 3626 793 3693 ἐν
814 3618 930 3704 αύτοῑς
951 3627 1208 3712 συνισταμένων
1230 3621 1274 3692 τὰ
1295 3621 1448 3711 φρούρια.

416 3775 435 3829 4
453 3775 554 3840 10145,
562 3779 626 3830 4.-
637 3776 655 3832 θ
667 3777 731 3846 vgl.
737 3777 844 3847 Olymp.
850 3777 1022 3846 (Ghll,911):
1033 3783 1083 3845 τῆς
1089 3771 1233 3848 Ἀρμενίας
1244 3770 1343 3849 δρηςτά
1352 3773 1479 3849 Ἄραράτ.
1487 3807 1518 3816 -
1526 3774 1564 3830 12
1574 3773 1638 3843 Vgl.

333 3859 429 3914 Onom.
443 3875 521 3914 τουτο
530 3860 551 3924 1,
565 3861 622 3924 174,
634 3862 667 3917 91
680 3879 706 3916 u.
719 3865 789 3917 11-
801 3863 835 3918 17
850 3863 904 3917 ίαε.
914 3863 956 3927 45,
965 3862 989 3916 2.
1003 3891 1033 3902 ·-
1049 3861 1122 3919 1811.
1141 3862 1346 3932 2ρ1.Ηειοδοί.
1360 3863 1379 3925 Ι,
1393 3861 1450 3917 180.
1464 3861 1638 3916 188191.-

331 3943 660 4014 2211131110rodotl,
674 3947 735 4002 191:
753 3941 808 4001 ύπδ
826 3944 856 4002 δὲ
873 3944 1018 4016 μεγάθεος
1031 3951 1081 4014 τῆς
1098 3944 1205 4011 πόλιος,
1223 3942 1263 4012 ὡς
1280 3945 1392 4017 λέγεται
1409 3941 1464 4001 ὑπὸ
1482 3949 1539 3999 τῶν
1551 3941 1639 4012 ταύτῃ

332 4025 504 4097 οἰκημένων,
530 4035 589 4084 τῶν
611 4033 677 4102 περί
698 4029 732 4088 τδι
758 4025 864 4100 ἔσχατα
881 4035 931 4099 τῆς
948 4029 1047 4095 πόλιος
1064 4025 1233 4086 ἑαλωκότων
1250 4028 1317 4097 τοὺς
1333 4029 1366 4085 τδ
1385 4028 1473 4097 μέσον
1491 4027 1640 4093 οἰκέοντας

331 4119 388 4167 τῶν
411 4115 600 4185 Βαβυλωνίων
628 4112 662 4170 οὐ
678 4113 838 4184 μανθάνειν
856 4109 1032 4180 ἑαλωκότας,
1054 4111 1126 4170 ἀλλὰ
1150 4117 1252 4184 (τυχεῖν
1274 4112 1330 4187 γάρ
1353 4130 1402 4183 σςοι
1420 4109 1524 4169 έοῦσαν
1541 4109 1638 4184 δρτην)

329 4195 460 4268 χορεύειν
477 4215 508 4254 τε
525 4198 633 4270 τοῦτον(
645 4198 696 4255 τδν
705 4200 811 4273 χρόνον
823 4201 873 4254 καί
883 4196 914 4254 έν
926 4195 1093 4269 εδπαθείησι
1105 4193 1187 4255 εἶναι.
1211 4198 1274 4270 Vgl.
1287 4199 1447 4270 Xenophon,
1461 4197 1562 4268 Kyrop.
1575 4200 1599 4260 7,
1611 4199 1636 4251 5.

415 4333 434 4388 Β
451 4333 479 4402 ὴ]
490 4339 583 4397 υτον
599 4351 616 4389 0
631 4337 636 4400 1
651 4326 678 4404 δ]
696 4335 712 4404 1
731 4351 747 4390 0
763 4335 767 4402 ί
781 4335 831 4390 καὶ
846 4333 975 4407 βέβηλοι]
993 4333 1112 4408 βέβηλοι
1122 4331 1179 4406 νᾶα
1197 4336 1231 4400 01
1247 4329 1487 4404 ίυ1ἱπῆευνο
1502 4334 1507 4398 Ι
1523 4331 1636 4400 θεατὰ]

330 4426 363 4476 <
376 4417 428 4471 olo
444 4416 480 4484 (θ
497 4414 609 4490 ἀραρὰτ
621 4419 650 4472 α*
664 4437 697 4472 w.
710 4437 732 4474 e.
745 4419 800 4474 sch
818 4418 851 4474 lo
870 4415 976 4492 άραρέτ
994 4425 1021 4474 οι
1036 4422 1041 4488 Ι
1056 4421 1075 4477 9
1093 4413 1146 4490 αἱς]
1160 4412 1203 4485 οἱς
1221 4437 1236 4474 o
1252 4419 1257 4486 Ι
1274 4418 1312 4474 18
1330 4417 1613 4489 προοσυμπαθείαςο
1631 4417 1634 4482 (

331 4501 367 4556 11
384 4501 434 4574 τῷ]
452 4499 485 4556 τδ
504 4517 519 4556 α
538 4504 542 4569 Ι
563 4503 603 4560 18
621 4501 766 4560 συνκλοίσω
784 4521 801 4558 ο
816 4506 821 4566 l
838 4504 874 4559 19
891 4501 947 4577 γὰρ
958 4523 984 4559 u.
997 4497 1071 4574 ἔχειν
1089 4503 1247 4573 iibergesch.
1266 4506 1293 4556 τί
1309 4503 1312 4570 Ι
1328 4502 1365 4557 29
1383 4495 1474 4556 ὄντων
1491 4502 1527 4569 ο(
1542 4501 1580 4556 22
1599 4501 1636 4554 δι-

332 4585 471 4656 ηρημένης
488 4585 498 4639 l
517 4584 685 4656 διηρημένας
703 4603 738 4642 co
754 4587 811 4655 (28
828 4587 1006 4660 Βαβυλῶνος]
1026 4596 1058 4646 <
1077 4605 1100 4642 ο.
