3658 5566
521 449 572 504 Die
589 447 754 520 Fragmenta
772 467 820 504 aus
840 449 888 504 der
904 449 1169 522 Prophetenkatene.

494 683 550 750 Nr.
571 683 743 750 LXXXIII.
786 685 909 771 Klagel.
925 685 1038 751 Jerem.
1054 691 1081 765 3,
1097 693 1145 755 43.
1160 694 1208 754 44.

280 835 345 898 Καὶ
372 837 480 902 ταῦτα
508 835 569 918 τῆς
592 827 770 920 φθασάσης
791 829 1062 923 έξομολογὴσεως
1082 838 1195 920 μέρος
1226 827 1274 915 ῶς
1294 830 1357 921 γὰρ
1379 828 1503 914 σκότος

196 923 276 1017 ἡμῖν
298 932 335 999 έκ
335 935 528 1052 νεφέλης
551 925 714 1019 ἐπήγαγες
736 929 797 1014 τὰς
821 938 893 1004 τῶν
916 937 1038 1003 δεινῶν
1059 928 1280 1022 περιστάσεις,
1303 938 1358 1002 καὶ
1372 931 1504 1022 μακρὰν

197 1021 301 1111 ὄντας
323 1025 393 1102 ῶπὸ
414 1035 476 1101 σού
501 1036 761 1116 κατεδίωξας,
790 1025 967 1115 ἆπῶλεσας
989 1039 1121 1121 νεκρῶν
1143 1039 1186 1121 τῇ
1208 1026 1353 1124 δμαρτίρ
1372 1031 1484 1103 διὰ
1443 1060 1504 1121 της

161 1135 371 1217 ὁτιμωρίας.
422 1136 479 1200 καὶ
508 1132 711 1217 ἐπείπερ
678 1159 711 1202 αι
742 1124 949 1219 ἁμαρτίαι(
930 1137 1026 1222 ημῶν
1057 1127 1248 1203 διίστων“
1228 1131 1313 1221 ημᾶς
1344 1128 1412 1204 απὸ
1444 1137 1504 1203 σοῦ

198 1225 312 1320 ῶσπερ
345 1228 608 1318 διατειχιςούσης
637 1234 821 1319 νεφέλης,
854 1227 916 1302 ούκ
947 1233 1098 1318 ἔφθανεν
1126 1226 1223 1320 ἡμῶν
1254 1227 1275 1320 ἦ
1304 1230 1504 1322 προσευχὴ

196 1323 282 1416 πρύς
305 1350 353 1400 σε·
383 1325 425 1400 ού
445 1327 508 1418 γδιρ
532 1333 662 1416 ε’ίχομεν
683 1335 861 1419 »πτέρυγας
882 1337 1094 1422 περιστερᾶς
1115 1326 1368 1420 ύπερίπτασθαί
1389 1360 1427 1402 τε
1448 1337 1503 1402 καί

197 1433 319 1516 λέγειν·
344 1432 398 1499 »έν
421 1435 473 1518 τῷ
495 1435 568 1518 θεῷ
590 1424 819 1519 ὑπερβήσομαι
841 1449 981 1519 τειχοςι.
1018 1426 1060 1503 ού
1081 1430 1143 1521 γὰρ
1166 1422 1208 1520 ἦν
1230 1427 1359 1520 εύχερὲς
1379 1443 1502 1519 παρελ-

196 1535 274 1598 θεῖν
300 1529 365 1617 τὴν
392 1523 568 1618 ἁμαρτίαν,
600 1525 739 1617 στερεῶν
766 1558 803 1599 τε
827 1521 931 1602 οὖσαν
955 1537 1012 1601 καὶ
1034 1529 1212 1620 σκοτεινὴν
1233 1536 1287 1601 καὶ
1309 1527 1503 1619 πνεύματος

143 1645 178 1700 10
196 1623 339 1714 ἄμοιρον
361 1622 464 1717 δχίου.

493 1781 525 1848 Ν
528 1806 550 1848 r.
572 1781 744 1849 LXXXIV.
787 1783 910 1868 KlageL
925 1785 943 1849 J
948 1807 1039 1850 erem.
1055 1790 1083 1865 3,
1097 1792 1145 1853 46.
1161 1792 1209 1851 47.

279 1925 476 2016 Σύμμαχος·
505 1924 683 2018 πτόησις.
736 1920 807 2014 ὅλῳ
839 1927 1008 2016 στόματι
1037 1937 1202 2002 κατέπιον
1238 1925 1336 2018 ἡμᾶς,
1372 1934 1429 2000 καὶ
1457 1933 1504 2010 είς

195 2022 305 2112 βάθος
331 2033 451 2098 κακῶν
476 2023 714 2117 ύπηνέχθημεν
737 2023 868 2116 φόβου
893 2036 949 2099 καὶ
976 2035 1124 2119 ταραχῆς
1146 2034 1411 2120 ἐμπλησθέντες·
1439 2030 1504 2117 >έμ-

197 2132 315 2197 πίπτει
345 2125 408 2217 γδιρ
441 2132 486 2209 είς
518 2120 568 2197 δν·
589 2124 696 2216 ὤρυξε
723 2123 866 2215 βόθρον<
892 2121 911 2198 ὁ
938 2123 1141 2217 ἁμαρτωλὸς
1157 2129 1281 2211 διδούς
1303 2121 1354 2200 ῶν
1377 2124 1503 2218 ἥμαρτε

146 2245 178 2299 15
198 2230 299 2308 δίκας.
328 2233 385 2297 καί
399 2231 471 2298 ἐπεὶ
489 2224 574 2316 »πρὸ
598 2231 811 2317 συντριβῆς
826 2222 954 2316 ἡγεῖται
968 2221 1078 2317 ύβριςι
1096 2227 1183 2300 κατὰ
1199 2226 1262 2298 τὸν
1276 2234 1504 2318 Σολομῶντα,

198 2331 377 2397 τουτέστιν
398 2321 622 2415 ύπερηφανία,
645 2321 879 2415 έπὴρθημέν
902 2355 939 2396 τε
961 2335 1018 2397 καὶ
1040 2334 1337 2417 συνετρίβημεν.
1378 2320 1503 2398 δθενδ
1605 2375 1608 2382 ·

198 2429 303 2506 Δαβὶδ
321 2432 477 2515 μελῳδεῖ·
504 2425 565 2516 »μὴ
589 2430 721 2496 ἐλθέτω
743 2453 800 2514 μοι
821 2424 907 2508 πούς
928 2421 1219 2515 ύπερηφανίας,
1241 2435 1297 2498 καί
1314 2433 1385 2516 χεὶρ
1400 2420 1504 2515 ἆμαρ·

198 2529 316 2595 τωλοῦ
336 2524 382 2614 μὴ
403 2524 560 2596 σαλεύσαι
580 2552 650 2611 μει.

533 2727 590 2794 Nr.
611 2725 767 2793 LXXXV.
809 2725 934 2812 Klagel
948 2727 1062 2795 Jerem
1078 2736 1106 2810 3,
1121 2735 1168 2797 48.

32 2867 36 2876 ’
147 2896 180 2953 20
282 2878 347 2944 Καὶ
383 2878 533 2944 τοσαῦτα
566 2872 695 2944 παθῶν
726 2879 799 2944 τῶν
836 2868 1053 2986 δεδρακότων
1087 2871 1282 2964 ύπεραλχεῑ,
1317 2869 1431 2957 ούτως
1464 2869 1502 2965 »ἡ
1525 2893 1575 2946 344

198 2965 311 3060 αχύπη
334 2971 374 3043 τὸ
396 2970 503 3044 κακὸν
526 2969 568 3045 ού
589 2982 787 3062 λσχίζεταιι.

525 3177 580 3244 Nr.
603 3177 776 3246 LXXXVI.
819 3179 942 3265 Klagel.
956 3178 976 3245 J
980 3200 1071 3244 erem.
1086 3182 1116 3255 3,
1128 3183 1177 3244 49.

278 3317 369 3392 'Am
391 3328 454 3394 τού
480 3317 499 3394 ὁ
530 3318 742 3414 ὀφθαλμός
771 3353 846 3414 μου
875 3319 1155 3412 κατεπονήθη,
1185 3332 1251 3394 καί
1278 3319 1323 3394 ού
1349 3320 1502 3413 σιγήσε-

198 3450 263 3494 ται
301 3427 373 3493 τοῦ
398 3422 447 3512 μὴ
479 3424 582 3494 εἶναι
617 3426 786 3514 ἔκνηψιν
812 3421 993 3515 Σύμμαχος
1015 3425 1121 3494 εἶπεν·
1152 3417 1409 3512 δύφθαλμδς
1430 3451 1504 3512 μου

145 3538 178 3594 25
196 3526 394 3610 ἐπέμεινε,
420 3529 485 3593 καὶ
508 3519 579 3595 ούκ
601 3523 804 3596 ἐπαύσατο
827 3530 901 3598 τοῦ
922 3523 971 3614 μὴ
994 3525 1097 3595 εἶναι
1119 3521 1264 3594 ἄνεσιν.
1308 3527 1446 3611 δηλοῦσι
1468 3526 1504 3593 δὲ

197 3625 228 3692 οἱ
249 3628 311 3711 μὲν
332 3617 582 3712 Ἑβδομήκοντα
604 3617 658 3695 ὅτι
679 3629 799 3713 καίπερ
821 3631 896 3695 τῶν
911 3620 1107 3713 ὀφθαλμῶν
1121 3625 1158 3694 ἐκ
1172 3619 1330 3712 πλήθους
1345 3619 1503 3710 δακρύων

196 3717 441 3810 η’σθενηκδτων
467 3719 509 3793 ού
530 3728 700 3794 διέλειπον
727 3716 828 3813 ὅμως,
855 3720 1028 3813 ἀνανῆψαι
1050 3727 1114 3795 τοῦ
1133 3727 1313 3811 κλαυθμοῦ
1333 3721 1378 3811 μὴ
1402 3718 1503 3793 δυνύ-

195 3847 309 3910 μενος,
341 3815 360 3890 δ
391 3826 427 3892 δὲ
452 3818 633 3911 Σύμμαχος
663 3818 718 3894 ὅτι
747 3819 904 3913 έπέμεινύ
930 3851 968 3893 τε
995 3821 1153 3910 δακρύων
1177 3827 1233 3893 καὶ
1255 3817 1297 3893 ού
1318 3825 1503 3893 διέλειπον·

152 3999 155 4006 ,
195 3918 364 4010 προσευχὴ
390 3918 453 4009 γὰρ
480 3920 616 4010 έκτενὴς
637 3927 693 3992 καί
716 3921 873 4011 δακρύων
895 3929 1045 4004 ἐπίτασις
1067 3920 1132 3992 τὸν
1153 3920 1240 3992 θεὸν
1261 3923 1394 4006 έφέλκει
1415 3918 1502 4010 πρὸς

145 4034 179 4089 30
196 4021 300 4091 έλεον.

281 4189 327 4246 δέ.
354 4188 418 4260 Vgl.
437 4188 544 4260 Olymp.
562 4190 618 4259 (Gh
635 4191 687 4256 III,
707 4191 777 4260 162):
804 4199 856 4248 τοῦ
875 4193 914 4260 μὴ
936 4194 1059 4248 διελθεῖν
1076 4187 1149 4260 πρός
1167 4204 1198 4244 σε
1216 4189 1266 4256 τὴν
1284 4189 1451 4261 προσευχὴν.
1469 4219 1502 4230 ·-
1611 4157 1614 4162 Ι

198 4274 298 4345 zvgl.
316 4273 388 4328 Ριελ.
401 4275 443 4340 54,
455 4275 479 4327 7.
499 4304 531 4313 -
548 4274 565 4329 8
583 4273 655 4329 ΡιοΙ.
668 4277 710 4338 17,
726 4276 767 4331 30.
784 4305 817 4316 -
837 4277 875 4332 12
894 4275 958 4347 vgl.
972 4273 1105 4345 Hexapla.
1124 4303 1156 4310 -
1175 4272 1213 4328 18
1232 4271 1390 4342 vg1.Prov.
1406 4273 1447 4338 26,
1461 4274 1502 4328 27.

195 4360 283 4415 15
302 4359 542 4424 Pr0v1618·
561 4359 597 4414 17
618 4359 854 4427 Psa135,12-
874 4359 1123 4424 201K0r135

280 4519 1500 4610 2καί]οῑο<α*14ἀπολέσαςο112καί]οἱο<ε*ΙΙθφδβιοοΙῙλέλ-

195 4610 277 4668 θάτιο
294 4629 310 4668 ο
325 4612 330 4680 1
345 4605 556 4684 ύπερηφανείας
574 4614 665 4682 012⁸
683 4613 786 4684 καίπερ
802 4613 815 4666 l
833 4615 881 4668 καί
898 4615 963 4685 περί
981 4630 1025 4669 ιο.
