3694 5542
298 481 354 542 152
736 468 875 539 Origenes'
892 467 1153 524 Jeremiahomilien.

294 641 350 707 καί
366 629 386 725 ή
401 639 572 705 διοικοῦσα
595 631 692 720 φύσις
715 631 757 702 τὰ
779 629 906 722 πήλινα
930 629 1028 721 σκεύη
1044 637 1355 721 συγκαταβαίνουσα
1369 651 1441 716 τοὶς
1455 639 1598 706 διοικου-

294 739 408 824 μένοις
430 730 525 806 κάτω
546 735 628 805 ἐστί·
654 731 708 804 διά
731 737 836 804 τοῦτο
859 726 878 803 0‘
901 727 1080 820 λεγόμενος
1102 727 1203 820 λόγος
1224 730 1311 821 πρὸς
1331 727 1484 821 Ἱερεμίαν
1506 732 1597 824 παρά

294 841 412 922 κυρίου
434 841 535 924 φησίν
558 829 666 923 αὐτῷ·
692 827 879 919 »ἀνάστηθι
899 837 955 902 καὶ
976 825 1145 920 κατάβηθι
1166 835 1213 914 είς
1228 832 1325 903 οίκον
1341 837 1403 902 τοῦ
1417 838 1596 923 κεραμέως.

293 941 350 1006 καὶ
371 937 441 1005 ἐκεῖ
460 927 586 1020 άκοῦση
608 931 689 1015 τούς
710 927 831 1020 λόγους
853 958 946 1019 μουι.
994 938 1112 1001 Μωσεῑ
1138 936 1283 1018 λέγεται·
1308 926 1468 1020 »ἀνάβηθι
1490 935 1535 1015 είς
1557 932 1598 1004 τὸ

260 1025 375 1121 δόρος
409 1039 463 1104 καί
495 1031 666 1115 ἄκουσον,
694 1026 828 1122 Ἱερεμίᾳ
857 1035 1003 1120 λέγεται·
1033 1025 1215 1119 »κατάβηθι
1241 1035 1288 1113 είς
1314 1027 1377 1102 τόν
1409 1031 1505 1103 οίκον
1536 1039 1599 1102 τοῦ

294 1138 462 1221 κεραμέως
483 1139 538 1203 καί
561 1131 734 1204 ἄκουσον·
757 1130 896 1212 ἕκαστος
917 1127 980 1218 γὰρ
1001 1135 1073 1201 τών
1096 1125 1298 1202 ἀκουόντων
1312 1125 1417 1218 λόγον
1432 1127 1510 1219 ήτοι
1524 1138 1597 1213 περὶ

294 1239 368 1302 τών
390 1227 555 1320 ἀνωτέρω
579 1227 772 1302 διδάσκεται
786 1223 808 1318 ή
822 1225 989 1317 μανθάνει
1008 1234 1083 1316 περὶ
1099 1236 1172 1301 τῶν
1186 1233 1383 1318 κατωτέρω.
1421 1234 1466 1317 (εί
1480 1235 1541 1319 μὲν
1556 1229 1598 1301 τά

294 1330 490 1421 κατώτερα>
513 1327 718 1419 διδάσκομαι,
745 1333 940 1415 καταβαίνω
968 1326 1148 1418 τῷλόγῳ,
1177 1331 1232 1399 ἵνα
1258 1332 1320 1398 ίδω
1342 1328 1384 1399 τά
1406 1329 1596 1414 κατώτερα·

294 1434 323 1501 εί
353 1436 388 1506 δέ
419 1429 461 1500 τά
492 1427 649 1519 ἀνώτερα
673 1425 856 1518 μανθάνω,
878 1424 1051 1512 ἀναβαίνω
1079 1435 1130 1518 τῷ
1158 1423 1250 1516 λόγῳ
1278 1431 1331 1500 ἐπί
1360 1427 1402 1500 τά
1430 1423 1595 1518 ἀνώτερα,

244 1543 277 1598 10
294 1532 348 1602 ίνα
370 1526 544 1619 θεάσωμαι
565 1528 608 1600 τά
630 1533 705 1601 ἐκεῖ.

368 1621 437 1700 Ἵνα
464 1634 500 1699 δὲ
525 1627 652 1712 πάντες
676 1626 764 1700 κατά
793 1625 833 1699 τό
855 1625 1009 1699 ’δυνατόν
1035 1628 1167 1710 ἑαυτοῖς
1193 1624 1524 1718 παρακολουθήσητε
1546 1634 1596 1717 τῷ

209 1747 277 1802 297τ
294 1733 473 1817 λεγομένῳ,
495 1727 659 1819 χρήσομαι
680 1731 931 1817 παραδείγίματι
952 1732 1008 1797 καί
1029 1722 1097 1798 ἀπὸ
1121 1731 1181 1815 τῆς
1202 1733 1343 1817 γραφῆς,
1364 1734 1421 1797 καὶ
1440 1727 1527 1816 πρὸς
1545 1735 1597 1817 τῷ

294 1833 537 1918 παραδείγματι
557 1835 612 1898 καὶ
635 1825 822 1918 σαφήνειαν
836 1823 1074 1918 προσάγουσαν
1089 1833 1132 1914 τῇ
1147 1831 1307 1915 δεδομένῃ
1323 1827 1477 1918 ἑρμηνείᾳ
1491 1854 1597 1916 παρα·

294 1924 417 2016 στήσω.
471 1932 527 1998 »ἐν
556 1933 607 2017 τῷ
641 1921 783 2014 ὀνόματι
807 1921 910 2017 Ἰησοῦ
939 1930 1009 1996 πᾶν
1041 1921 1123 2013 γόνυ
1152 1923 1276 2012 κάμψει
1303 1929 1517 2015 ἐπουρανίων
1542 1933 1597 1996 καί

243 2045 276 2099 15
294 2031 453 2114 ἐπιγείων
483 2033 539 2098 καί
568 2033 824 2114 καταχθονίων,
859 2029 915 2094 καί
944 2030 1036 2096 πᾶσα
1066 2031 1203 2113 γλώσσα
1232 2023 1513 2114 ἐξομολογήσεται
1543 2020 1597 2096 ῦτι

294 2125 409 2215 κύριος
430 2122 551 2215 Ἰησοῦς
574 2125 720 2216 Χριστός
747 2129 792 2206 είς
819 2122 922 2210 δόξαν
947 2129 1032 2194 θεοῦ
1057 2120 1216 2213 πατρόςι.
1265 2127 1335 2196 ἔστι
1361 2130 1399 2195 δέ
1421 2153 1473 2208 τις
1495 2131 1598 2212 σοφία

293 2230 370 2314 περί
398 2223 541 2298 ἑκάστου
568 2223 719 2298 τούτων·
746 2232 850 2311 σοφία
874 2230 952 2313 περὶ
976 2230 1050 2295 τών
1072 2219 1256 2311 οὐρανίων,
1283 2231 1359 2305 πώς
1381 2229 1597 2295 διατέτακται

293 2324 340 2397 τά
361 2322 510 2412 οὐράνια·
533 2332 637 2412 σοφία
657 2330 735 2414 περὶ
757 2329 830 2393 τῶν
850 2330 1104 2412 καταχθονίων,
1127 2328 1199 2396 ἐπεὶ
1220 2331 1324 2411 σοφία
1344 2328 1428 2394 θεοῦ
1450 2326 1596 2394 ἐστικαὶ

293 2431 369 2513 περὶ
391 2431 452 2514 τῆς
475 2421 658 2512 διατάξεως
676 2431 752 2494 τών
765 2430 1016 2511 καταχθονίων,
1038 2417 1165 2513 ὁμοίως
1179 2429 1235 2495 καὶ
1249 2429 1325 2511 περί
1340 2429 1413 2496 τών
1428 2426 1596 2512 ἐπιγείων.

241 2538 274 2594 20
292 2523 354 2596 ἐὰν
375 2529 489 2613 μέλλω
511 2541 634 2612 χωρεῖν
656 2522 719 2611 τήν
741 2529 865 2609 σοφίαν
887 2520 952 2612 τήν
973 2527 1138 2610 περὶτῶν
1154 2528 1164 2612 ΙΙ
1180 2527 1402 2611 ἐπουρανίων,
1424 2518 1596 2608 ἀναβαίνω
1619 2541 1669 2602 243

292 2627 347 2695 ἐπὶ
369 2623 412 2696 τά
433 2619 587 2713 σῦράνια,
615 2619 663 2705 ώς
687 2627 810 2711 Μωσῆς
837 2618 1041 2711 ἀναβέβηκεν
1064 2625 1118 2694 ἐπὶ
1140 2621 1206 2712 τήν
1225 2621 1381 2713 κορυφήν
1404 2627 1466 2694 τοῦ
1488 2614 1597 2709 ὄρους,

293 2725 347 2794 ίνα
361 2719 509 2813 ἀκουστή
524 2729 661 2812 γένηται
677 2719 771 2812 αδτηῦ
788 2718 808 2812 ή
823 2720 923 2812 φωνή
939 2717 992 2810 <ή>
1008 2725 1045 2792 ἐκ
1060 2727 1122 2793 τοῦ
1137 2719 1286 2810 οῦρανοῦ
1299 2720 1387 2794 κατά
1402 2719 1443 2792 τό
1460 2748 1598 2810 γεγραμ·

292 2829 403 2913 μένον.
446 2821 561 2912 ἔμελλε
587 2821 649 2911 γὰρ
676 2818 891 2894 διδάσκεσθαι
920 2827 1073 2908 λατρείας
1095 2826 1329 2910 ἐπουρανίους·
1361 2820 1437 2893 σκιά
1460 2821 1522 2913 γὰρ
1543 2827 1599 2892 καὶ

292 2919 476 3012 ὑπόδειγμα
491 2927 706 3012 ἐπουρανίων
720 2929 915 3012 μυστηρίων
927 2925 965 2992 ἐν
980 2937 1052 3004 τοῖς
1067 2916 1185 3010 νόμοις
1195 2940 1267 3003 τοῖς
1282 2917 1596 3011 ἀναγεγραμμένοις.

240 3037 274 3091 25
292 3019 341 3106 ώς
370 3027 541 3094 ἐδίδασκεν
570 3016 589 3093 ό
619 3017 813 3102 ἀπόστολος
849 3019 968 3092 εἰπών·
1007 3023 1147 3102 »οἵτινες
1181 3016 1400 3111 δποδείγματι
1435 3027 1490 3092 καὶ
1521 3026 1596 3111 σκιᾷ

293 3119 492 3210 λατρεύουσι
519 3128 593 3192 τών
619 3123 859 3211 ἐπουρανίωνι.
907 3117 1020 3207 ὥσπερ
1043 3111 1104 3190 οὖν
1125 3125 1261 3208 μέλλων
1282 3117 1498 3192 διδάσκεσθαι
1518 3129 1595 3208 περί

292 3227 366 3292 τών
391 3226 606 3308 ἐπουρανίων
633 3215 819 3305 ἀναβαίνω,
846 3213 960 3301 οὕτως
986 3219 1046 3290 ἐάν
1070 3227 1164 3308 χρεία
1186 3247 1245 3308 μοι
1267 3213 1286 3308 ή
1309 3217 1498 3309 μανθάνειν
1518 3227 1594 3308 περὶ

292 3327 366 3390 τών
387 3325 639 3407 καταχθονίων,
661 3316 725 3389 κάν
746 3316 928 3409 προφήτης
950 3325 1106 3408 γένωμαι,
1129 3325 1332 3404 καταβαίνω.
1367 3327 1422 3391 καὶ
1440 3317 1525 3408 τάχα
1541 3318 1595 3392 διὰ

292 3426 397 3491 τοῦτο
413 3415 586 3508 Σαμουήλ,
610 3414 709 3504 ήνίκα
731 3414 889 3506 ἐδιδάχθη
905 3417 948 3488 τὰ
962 3415 1182 3506 καταχθόνια,
1205 3425 1410 3509 καταβέβηκε
1430 3415 1526 3490 κάτω
1540 3426 1595 3490 καί

241 3533 275 3588 30
292 3525 428 3607 γέγονεν
450 3521 487 3588 ἐν
509 3510 601 3610 ᾅδου,
624 3514 664 3588 οῦ
682 3513 898 3605 δικαζόμενος
912 3519 968 3588 ίνα
982 3521 1019 3589 ἐν
1035 3510 1119 3610 ᾅδου
1132 3523 1279 3608 γένηται,
1301 3514 1374 3591 ἀλλ’
1390 3522 1446 3590 ίνα
1460 3525 1596 3608 γένηται

291 3614 506 3699 κατάσκοπος
519 3625 575 3688 καί
590 3615 770 3707 θεωρητής
786 3622 859 3687 τών
872 3624 1068 3706 μυστηρίων
1082 3625 1157 3688 τών
1171 3625 1422 3707 καταχθονίων.
1455 3617 1596 3690 δύναται

292 3722 433 3787 τοιαῦτα
454 3717 539 3787 είναι
561 3723 616 3788 καί
641 3715 683 3786 τὰ
704 3714 796 3804 παρὰ
819 3722 870 3805 τῷ
894 3711 1079 3806 ἀποστόλφ
1100 3723 1177 3805 περί
1199 3723 1260 3808 τῆς
1281 3725 1402 3804 σοφίας
1423 3715 1595 3808 λεγόμενα,

206 3837 274 3894 2971
292 3811 563 3906 διαζστελλόμενα
596 3823 647 3906 τῷ
683 3823 813 3904 γνῶναι
851 3823 902 3886 »τί
937 3814 979 3886 τὸ
1014 3813 1146 3900 πλάτος
1183 3824 1239 3888 καί
1268 3823 1373 3907 μῆκος
1404 3825 1460 3888 καί
1490 3813 1597 3901 βάθος

291 3924 347 3987 καί
367 3909 484 4002 ῦψοςι.
519 3921 650 4004 μέλλεις
670 3915 847 4002 γινώσκειν
869 3912 943 4004 <τὸ>
960 3910 1060 4002 ῦφος,
1084 3912 1275 4002 ἀναβαίνεις
1296 3923 1348 4008 τῷ
1371 3912 1463 4004 λόγῳ
1486 3920 1540 3987 ἐπὶ
1556 3915 1596 3987 τὸ

377 4085 478 4156 ινα.
497 4083 583 4140 εχει.
603 4085 644 4153 ιι,
664 4085 704 4140 12.
727 4113 760 4125 -
785 4084 823 4141 ιι
841 4083 912 4139 Phil.
930 4085 955 4151 2,
974 4086 1014 4142 10.
1033 4087 1073 4141 11.
1092 4113 1125 4125 -
1141 4085 1176 4142 21
1197 4083 1261 4156 να.
1279 4085 1367 4141 11:01.
1385 4087 1426 4150 ει,
1446 4088 1487 4142 12.
1507 4086 1596 4140 111-

290 4170 330 4228 21
349 4170 430 4227 Hebr.
448 4171 473 4238 ε,
491 4173 515 4226 ε.
535 4199 568 4208 -
587 4169 626 4225 21
646 4169 707 4240 νει.
727 4169 820 4223 1s1m.
839 4169 880 4225 28.
898 4199 931 4208 -
949 4168 989 4226 σε
1009 4169 1076 4241 αρε.
1094 4171 1119 4238 3,
1138 4171 1178 4228 18.

377 4307 424 4372 51⁶
447 4300 488 4371 είς
504 4303 555 4360 τὸν
573 4297 653 4360 οίκον
676 4311 726 4359 τοῦ
742 4302 890 4376 κεραμέως
911 4306 960 4360 καί
977 4299 1102 4361 ἄκουσον
1120 4305 1158 4360 Lo
1181 4307 1230 4362 καί
1247 4299 1372 4362 ἄκουσον
1390 4303 1431 4371 είς
1447 4303 1498 4361 τδν
1517 4297 1597 4360 οἷκον

291 4397 342 4446 τοῦ
359 4388 506 4462 κεραμέως
523 4389 560 4457 S!
580 4389 599 4444 θ
616 4388 703 4458 λόγον
722 4388 747 4443 V
766 4388 860 4459 λόγων
878 4389 947 4457 818
964 4387 1141 4459 διδάσκομαι]
1161 4388 1299 4446 διδάσκων
1316 4390 1369 4460 μέν
1386 4391 1404 4446 S
1419 4391 1424 4457 Ι
1440 4389 1477 4446 11
1505 4407 1596 4460 παρα-

291 4475 482 4542 κολουθήσετε
505 4473 538 4527 S*
557 4475 830 4544 παρακολουθήσητε
847 4473 877 4527 8¹
892 4475 896 4542 Ι
913 4473 951 4530 1⁸
969 4473 1105 4543 δεδομένη
1123 4475 1167 4530 Gh
1184 4473 1303 4544 δεομένη
1321 4475 1338 4530 S
1354 4475 1358 4543 Ι
1376 4475 1410 4530 Ῑθ
1428 4473 1545 4545 πατρὸς]
1564 4479 1596 4536 -ί-

292 4555 367 4628 διμήν
385 4557 409 4612 V
426 4557 484 4624 128
503 4555 578 4627 σκιά]
597 4554 679 4614 σκιὰν
698 4557 789 4624 8125
807 4554 931 4623 ἐδίδαξεν
950 4557 1028 4612 Βίεεε
1043 4567 1046 4624 Ι
1062 4558 1102 4614 26
1120 4557 1212 4627 μέλλω
1225 4560 1256 4616 S*
1268 4558 1381 4628 μέλλων
1393 4559 1423 4613 S¹
1439 4559 1443 4628 Ι
1459 4557 1496 4614 21
1517 4549 1534 4628 ή
1554 4556 1596 4610 Gh

292 4639 325 4712 ήν
344 4641 361 4696 S
380 4639 413 4712 ίγν
436 4642 467 4696 1⁷.
