3702 5540
306 416 346 478 24
749 408 889 481 Origenes’
906 406 1166 466 soremiahomilien.

304 566 438 644 ’Ῑούδαι.
461 572 504 644 τὰ
514 568 738 664 ἀμαρτῆματα
747 578 811 646 τοῦ
819 568 945 662 Ἰσραὴλ
959 568 1201 662 συγκρινόμενα
1212 590 1284 655 τοῖς
1293 579 1498 664 πταίσμασιν
1509 573 1612 652 Ἰούδα

306 679 423 762 γέγονε
444 679 616 756 δικαίωσις
637 679 700 763 τῆς
722 678 830 762 φυχῆς
851 678 946 762 <τῆς>
968 668 1096 763 Ἰσραὴλ
1121 677 1326 762 συναγωγῆς.
1342 677 1354 762 Ι]
1373 684 1402 745 2.
1428 675 1609 766 »πορεύουι
1633 698 1680 752 143

306 764 368 844 οὖν
393 778 466 845 »καὶ
489 770 668 861 ἀνάγνωθι
690 773 770 855 τούς
792 766 915 860 λόγους
937 769 1083 855 τούτους
1104 769 1192 860 πρὸς
1212 778 1368 860 βορρᾶνι.

388 877 430 943 Εἰ
451 869 609 962 νενόηται
630 871 671 944 τὸ
693 867 809 961 ῥητόν,
832 875 955 960 ίδωμεν
977 878 1011 942 τί
1031 869 1191 957 βούλεται
1212 874 1249 940 έν
1264 869 1402 956 τούτοις
1417 881 1612 964 δηλοῦσθαι

221 1049 223 1054 Ι
270 983 287 1037 ο
304 965 325 1060 ἡ
347 977 463 1061 κλῆσις
485 979 560 1045 τῶν
580 977 697 1044 ἐθνῶν
720 969 826 1060 ἀρχὴν
841 972 935 1058 ἔσχεν
950 975 987 1041 ἐκ
1001 976 1066 1044 τοῦ
1079 971 1360 1060 παραπτώματος
1374 979 1438 1044 τοῦ
1451 970 1590 1067 Ἰσραήλ,
1607 983 1610 1062 ί

216 1077 360 1143 2201καὶ
389 1078 544 1160 λέγουσιν
570 1075 603 1143 οί
632 1066 821 1143 ἀπόστολοι
849 1067 1055 1159 κηρύξαντες
1082 1089 1156 1153 ταις
1178 1078 1252 1142 τῶν
1272 1065 1441 1144 Ἰουδαίων
1463 1097 1613 1166 συναγω·

303 1188 377 1260 γαίς
404 1164 459 1244 ότι
484 1167 573 1261 >ύμλυ
599 1163 642 1261 ῆν
668 1176 958 1262 ἐξαπεσταλμένος
979 1163 998 1241 ό
1020 1164 1123 1257 λόγος
1144 1174 1207 1258 τῆς
1229 1179 1409 1261 σωτηρίας·
1440 1175 1612 1265 ἐπειδὴδὲ

305 1266 462 1356 ἀναξίους
482 1275 615 1360 κρίνετε
636 1269 789 1356 ἑαυτούς,
809 1271 884 1342 ίδού
906 1263 1123 1360 στρεφόμεθα
1145 1274 1192 1352 είς
1214 1268 1258 1341 τά
1279 1273 1384 1360 ἔθνη.
1419 1283 1476 1345 καὶ
1495 1269 1514 1344 ύ
1530 1271 1612 1347 ἀπό-

304 1381 429 1452 στολος
454 1376 530 1459 περὶ
560 1368 699 1442 τούτων
729 1371 828 1454 είδῶς
858 1367 879 1442 ά
902 1370 972 1442 οἶδε
993 1375 1093 1458 λέγει·
1129 1375 1199 1458 »τῷ
1221 1364 1337 1442 αῦτῶν
1358 1376 1612 1465 παραπτώματι

254 1465 324 1559 1οῆ
356 1477 508 1560 σωτηρία
538 1486 612 1552 τοῖς
641 1473 787 1558 ἔθνεσιν,
820 1477 867 1554 είς
895 1468 934 1542 τὸ
961 1474 1205 1560 παραζηλῶσαι
1231 1465 1384 1554 αύτούςι.
1425 1469 1551 1547 ούκοῦν
1578 1480 1611 1548 αἱ

303 1576 430 1641 πολλαὶ
452 1565 611 1660 ἀμαρτίαι
633 1574 762 1643 ἐκείνου
784 1576 848 1642 τοῦ
869 1574 955 1642 λαοῦ
975 1566 1201 1658 πεποιήκασιν
1222 1565 1329 1642 αύτόν
1343 1575 1611 1664 ἐγκαταλειφθῆ-

303 1696 359 1741 ναι
379 1675 435 1741 καλ
455 1665 542 1760 ἡμᾶς
561 1663 657 1758 ῆκειν
678 1674 732 1741 ἐπὶ
755 1669 820 1760 τῆν
839 1673 973 1741 »ἐλπίδα
995 1672 1056 1756 τῆς
1078 1676 1266 1759 σωτηρίας,
1289 1670 1384 1754 »τοῦς
1407 1679 1523 1758 ξένους
1538 1683 1612 1747 τῶν

304 1775 496 1859 διαθηκῶν,
526 1769 608 1852 τούς
639 1765 842 1859 ἀλλοτρίους
873 1776 946 1841 τῶν
976 1773 1206 1856 ἐπαγγελιῶν.
1242 1765 1354 1842 πόθεν
1379 1770 1443 1861 γὰρ
1464 1776 1537 1863 ἐμοὶ
1559 1781 1610 1864 τῷ

304 1863 526 1941 ῦπουποτοῦν
547 1875 719 1960 γενομένῳ
742 1876 828 1959 ξένῳ
851 1875 914 1958 τῆς
934 1873 1115 1958 λεγομένης
1136 1863 1233 1958 ἇγίας
1253 1874 1328 1958 γῆς,
1355 1875 1418 1942 νῦν
1437 1879 1516 1962 περὶ
1537 1881 1611 1945 τῶν

255 1984 285 2038 15
303 1972 514 2057 ἐπαγγελιῶν
538 1976 752 2059 διαλέγεσθαι
778 1974 843 2041 τοῦ
868 1974 967 2052 θεοῦ,
997 1974 1054 2040 καὶ
1079 1964 1248 2040 πιστεύειν
1275 1974 1321 2051 είς
1347 1968 1411 2042 τόν
1431 1971 1517 2044 θεὸν
1537 1980 1611 2044 τῶν

302 2075 524 2158 πατριαρχῶν
544 2064 688 2159 Ἀβραάμ
709 2076 765 2142 καὶ
784 2065 891 2140 Ἰσαὰκ
911 2074 968 2139 καὶ
989 2063 1114 2153 Ἰακώβ,
1136 2072 1193 2138 καί
1214 2062 1351 2156 >Ἰησοῦν
1374 2071 1526 2158 Χριστόν
1548 2072 1610 2145 τὸν

302 2175 629 2258 προκεκηρυγμένον
654 2164 721 2241 ῦπό
744 2175 818 2239 τῶν
838 2174 1031 2256 προφητῶν
1051 2163 1162 2256 χάριτι
1183 2172 1268 2238 θεοῦ
1288 2173 1553 2258 παραδέχεσθαι;
1582 2178 1610 2243 εί

302 2284 390 2350 νοεῖς
422 2267 502 2351 τοῦς
533 2265 594 2339 δύο
621 2266 765 2350 τούτους
791 2264 908 2352 λαούς,
941 2265 1005 2340 τόν
1031 2263 1099 2339 ἀπὸ
1127 2272 1190 2338 τοῦ
1215 2261 1342 2358 ’Ῑσραῆλ
1368 2275 1425 2340 καὶ
1451 2269 1515 2342 τὸν
1541 2268 1609 2344 ἀπὸ

302 2373 376 2438 τῶν
405 2371 534 2452 ἐθνῶν,
565 2371 614 2438 ἰ’δε
642 2396 699 2456 μοι
731 2365 796 2457 τῆν
825 2373 999 2456 μετοικίαν
1030 2372 1093 2438 τοῦ
1119 2363 1244 2456 Ἰσραὴλ
1270 2373 1326 2440 καὶ
1353 2369 1408 2438 ἐπὶ
1435 2375 1498 2441 τοῦ
1524 2377 1611 2444 λαοῦ

251 2478 285 2534 20
300 2470 431 2538 ἐκείνου
456 2472 520 2539 τοῦ
548 2463 689 2556 Ἰσραήλ,
720 2474 775 2537 καὶ
801 2474 879 2557 περί
904 2470 1034 2538 ἐκείνου
1059 2461 1130 2537 νόει
1155 2495 1213 2556 μοι
1239 2464 1444 2556 γεγράφθαι·
1478 2474 1609 2556 »ἐξαπέ-

301 2578 430 2639 σταλκα
453 2563 560 2657 αύτῆν
581 2573 637 2638 καὶ
658 2568 769 2638 ἔδωκα
791 2562 877 2655 αῦτῆ
896 2573 1026 2652 βιβλίον
1051 2563 1293 2638 άπαστασίουι·
1320 2571 1532 2654 ἐξαπέστειλε
1546 2570 1609 2658 γάρ

300 2666 365 2738 τόν
387 2665 473 2739 λαὸν
494 2669 626 2739 ἐκεῖνον
647 2661 667 2738 ά
688 2665 770 2750 θεὸς
791 2671 847 2738 καί
869 2667 996 2737 ἔδωκεν
1017 2661 1111 2756 αύτῷ
1126 2669 1257 2751 βιβλίον
1271 2662 1488 2740 ἀποστασίου.
1525 2661 1610 2756 ὅπερ

301 2761 464 2839 τοιοῦτόν
485 2770 578 2839 ἐστιν
599 2771 655 2838 ἐπὶ
677 2775 751 2840 τῶν
772 2761 1026 2856 γεγαμηκότων·
1057 2764 1117 2837 ἐὰν
1139 2761 1342 2854 δυσάρεστος
1363 2759 1384 2855 ῆ
1407 2762 1428 2856 ἦ
1451 2767 1534 2858 γυνὴ
1556 2776 1608 2858 τῷ

302 2863 408 2957 ἀνδρί,
430 2874 518 2956 λέγει
539 2861 560 2938 ό
581 2873 735 2952 Μωσέως
750 2862 864 2956 νόμος,
890 2869 1038 2952 »βιβλίον
1062 2862 1289 2937 ἀποστασίου(
1318 2863 1386 2938 άπό
1405 2873 1470 2940 τοῦ
1485 2863 1609 2957 ἀνδρὸς

249 2979 283 3034 23
299 2971 430 3057 ἐγίνετο
457 2973 513 3039 καὶ
539 2970 803 3054 έξαπεστέλλετο
831 2962 852 3056 ῆ
879 2962 977 3056 γυνῆ,
1009 2973 1066 3036 καὶ
1091 2969 1171 3054 ἐξῆν
1198 2972 1249 3056 τῷ
1277 2962 1522 3038 ἀποστείλαντι
1544 2968 1608 3057 τῆν

300 3074 473 3156 προτέραν
497 3084 639 3156 γυναῖκα
655 3065 710 3137 διὰ
725 3066 767 3138 τό
783 3073 896 3140 δοκεῖν
911 3062 1178 3155 ῆσχημονηκέναι
1193 3082 1309 3154 γαμεῖν
1324 3067 1443 3154 ἑτέραν
1458 3085 1608 3155 γυναῖκα.

300 3161 413 3252 οὕτως
438 3173 490 3256 τῷ
517 3161 610 3255 λόγῳ
636 3169 686 3236 ίδε
710 3170 860 3248 ἐκείνους
886 3162 1125 3254 λαμβάνοντας
1145 3173 1276 3252 βιβλίον
1298 3161 1516 3238 ἀποστασίου.
1551 3175 1608 3238 καὶ

299 3272 372 3338 ἐπεὶ
393 3267 517 3352 ἔλαθον
538 3265 580 3338 τό
602 3271 733 3352 βιβλίον
755 3270 820 3337 τοῦ
841 3261 1065 3350 ἀποστασίου,
1088 3263 1143 3336 διὰ
1165 3269 1271 3336 τοῦτο
1293 3267 1606 3356 ἐγκατελείφθησαν

297 3363 423 3454 πάντη.
458 3371 527 3436 ποῦ
547 3365 611 3455 γὰρ
631 3370 810 3454 προφῆται
832 3366 883 3436 ἔτι
904 3359 984 3453 παρ’
1007 3359 1141 3448 αῦτοῑς,·
1162 3370 1232 3436 ποῦ
1253 3365 1442 3453 σημεταέτι
1454 3361 1536 3454 παρ’
1552 3362 1606 3438 αῦ

248 3477 282 3534 30
298 3484 387 3550 τυτς;
408 3469 477 3536 ποῦ
497 3460 679 3552 ἐπιφάνεια
700 3469 802 3550 θεοῦ;
821 3469 891 3536 ποῦ
911 3459 1096 3554 ῆλατρεία,
1120 3457 1247 3550 ἀναός,
1269 3467 1304 3536 αί
1318 3470 1452 3548 θυσίαι,·
1473 3461 1605 3556 ἐξεβλῆ·

382 3652 670 3721 2J0rem.3,12.-
690 3651 1057 3723 5vgl.Rom.11‚11.-
1077 3654 1091 3709 λ
1113 3651 1177 3723 vgl.
1194 3655 1254 3707 Αοθ
1273 3655 1314 3720 13,
1332 3655 1373 3710 46.
1391 3655 1432 3711 26.
1451 3683 1484 3694 -
1503 3655 1522 3710 θ
1541 3654 1604 3726 ng

296 3739 374 3794 Ram
386 3740 427 3802 11,
443 3740 485 3793 11.
503 3767 537 3778 -
555 3738 594 3795 12
612 3737 806 3809 VngThess.
818 3739 842 3802 5,
854 3737 879 3793 8.
909 3735 1146 3808 1811131212.
1163 3765 1197 3778 -
1217 3737 1255 3794 14
1272 3736 1518 3808 νςειυιωοπι.
1536 3739 1605 3811 Ερίι

296 3824 320 3886 2,
338 3823 379 3876 12.
397 3853 431 3863 -
449 3823 488 3879 15
507 3821 571 3894 Vgl.
588 3823 649 3878 Aet
667 3825 691 3888 3,
709 3823 750 3877 13.
768 3823 809 3876 24.
827 3852 862 3862 -
880 3822 919 3878 13
937 3821 1001 3892 vgl.
1020 3819 1080 3876 A'ct„
1099 3823 1124 3886 3,
1142 3823 1183 3878 20.
1200 3851 1235 3861 -
1252 3821 1330 3878 m.
1349 3819 1412 3893 Vgl.
1430 3823 1563 3889 Deut.24‚
1581 3827 1604 3879 1.

296 3906 376 3962 m.
399 3905 463 3978 ng
484 3907 515 3963 in
536 3907 636 3962 Matth.
652 3907 729 3961 Tom.
747 3909 792 3973 14,
809 3909 842 3963 13
863 3906 912 3976 (Lo
929 3907 953 3974 3,
970 3908 1042 3976 311];
1068 3907 1119 3962 καί
1144 3913 1260 3975 σημεῖον
1286 3913 1338 3962 τοῦ
1355 3905 1500 3976 εἰληφέναι
1517 3906 1604 3978 αὐτην

294 3991 405 4063 βιβλίον
427 3987 604 4049 ἀποστασίου
625 3989 658 4048 τδ
670 3984 851 4065 Ἰερουσαλὴμ
869 3989 923 4061 μὲν
939 3993 1123 4062 καθῃρῆσθαι
1137 3979 1211 4059 ’μετὰ
1228 3997 1280 4046 τοῦ
1297 4031 1344 4046 ...
1362 3987 1540 4062 ἁγιάσματος
1558 4033 1604 4049 ...

294 4078 343 4130 καί
360 4082 412 4130 τοῦ
428 4075 629 4149 θυσιαστηρίου
646 4081 703 4132 τῶν
722 4071 962 4144 ὁλοκαυτομάτων
984 4077 1033 4130 καί
1053 4073 1145 4143 πάσης
1164 4079 1213 4142 τῆς
1230 4067 1302 4148 παρ’
1313 4072 1390 4148 αὐτῷ
1402 4079 1535 4149 λατρείας
1545 4082 1603 4134 κτλ.

294 4189 328 4200 -
347 4161 431 4228 εογυο
450 4161 511 4232 τρι
529 4160 602 4214 pm
616 4161 656 4226 ιι,
669 4161 694 4215 υ,

379 4319 397 4376 2
415 4318 526 4390 γέγονε]
545 4325 577 4382 -Ι-
590 4319 785 4387 quodammodo
802 4318 828 4373 Η
851 4319 855 4386 Ι
875 4323 924 4386 τῆς
940 4310 1050 4386 Ἰσραὴλ
1068 4317 1243 4388 σιναγωγῆς]
1262 4319 1318 4388 vgl.
1336 4320 1362 4376 S.
1375 4321 1416 4384 23,
1429 4320 1463 4377 22
1479 4321 1537 4388 ejus
1555 4321 1602 4390 Η]

295 4405 313 4460 3
337 4397 395 4472 οῦν]
419 4414 452 4465 <
468 4404 542 4459 ΗΙιο
566 4405 570 4472 Ι
594 4403 612 4459 5
637 4401 652 4470 ῆ
674 4407 771 4471 κλῆσις
790 4404 864 4457 nach
882 4403 921 4458 H:
944 4402 1049 4456 τοσαίύο
1067 4403 1192 4470 γεαίίιιυι
1213 4401 1231 4470 ἢ
1254 4399 1308 4459 κᾶν
1332 4397 1372 4470 εἷς
1389 4404 1408 4459 S
1428 4400 1484 4461 κᾶν
1506 4403 1547 4471 είς
1564 4405 1602 4461 Co

292 4495 388 4558 κλῆσις
399 4489 463 4586 Ησ]
481 4492 495 4547 3
502 4494 564 4628 Ιἕῆς
582 4488 729 4560 σωτηρίας]
742 4497 775 4546 <
787 4487 814 4542 Η
828 4489 833 4554 Ι
849 4487 886 4544 ll
906 4485 1173 4558 ἐγκαταλειφθῆναι]
1188 4494 1220 4551 -Ι-
1232 4506 1250 4542 α
1262 4489 1373 4544 domino
1386 4489 1412 4545 H
1426 4492 1431 4559 Ι
1447 4491 1486 4548 23
1500 4488 1601 4560 πάντη]

295 4583 326 4639 ÷
339 4593 357 4629 α
375 4575 485 4629 dommo
529 4614 535 4628 .
