<?xml version="1.0" encoding="UTF-8"?>
<!DOCTYPE html PUBLIC "-//W3C//DTD XHTML 1.0 Transitional//EN"
    "http://www.w3.org/TR/xhtml1/DTD/xhtml1-transitional.dtd">
<html xmlns="http://www.w3.org/1999/xhtml" xml:lang="en" lang="en">
 <head>
  <title>
</title>
<meta http-equiv="Content-Type" content="text/html;charset=utf-8" />
  <meta name='ocr-system' content='tesseract 3.04.00' />
  <meta name='ocr-capabilities' content='ocr_page ocr_carea ocr_par ocr_line ocrx_word'/>
</head>
<body>
  <div class='ocr_page' id='page_1' title='image "./diegriechischen01unkngoog/diegriechischen01unkngoog_0331.png"; bbox 0 0 3658 5566; ppageno 0'>
   <div class='ocr_carea' id='block_1_1' title="bbox 337 464 1250 536">
    <p class='ocr_par' dir='ltr' id='par_1_1' title="bbox 337 464 1250 536">
     <span class='ocr_line' id='line_1_1' title="bbox 337 464 1250 536; baseline -0.018 0"><span class='ocrx_word' id='word_1_1' title='bbox 337 475 397 536; x_wconf 73' lang='lat'><strong><em>270</em></strong></span> <span class='ocrx_word' id='word_1_2' title='bbox 738 465 877 536; x_wconf 54' lang='lat' dir='ltr'><strong><em>Origene&amp;</em></strong></span> <span class='ocrx_word' id='word_1_3' title='bbox 895 464 1250 535; x_wconf 72' lang='lat' dir='ltr'><strong>Klagelioderkommentar.</strong></span> 
     </span>
    </p>
   </div>
   <div class='ocr_carea' id='block_1_2' title="bbox 336 624 1646 1016">
    <p class='ocr_par' dir='ltr' id='par_1_2' title="bbox 336 624 1646 1016">
     <span class='ocr_line' id='line_1_2' title="bbox 339 624 1646 718; baseline -0.002 -18"><span class='ocrx_word' id='word_1_4' title='bbox 339 635 374 700; x_wconf 78' lang='grc' dir='ltr'><strong><em>δὲ</em></strong></span> <span class='ocrx_word' id='word_1_5' title='bbox 396 635 459 700; x_wconf 84' lang='grc' dir='ltr'><strong><em>τοῦ</em></strong></span> <span class='ocrx_word' id='word_1_6' title='bbox 479 624 615 710; x_wconf 84' lang='grc' dir='ltr'><strong><em>πόθους</em></strong></span> <span class='ocrx_word' id='word_1_7' title='bbox 636 624 807 717; x_wconf 84' lang='grc' dir='ltr'><strong><em>ύπερβολὴ</em></strong></span> <span class='ocrx_word' id='word_1_8' title='bbox 829 634 884 699; x_wconf 84' lang='grc' dir='ltr'><strong><em>καὶ</em></strong></span> <span class='ocrx_word' id='word_1_9' title='bbox 907 626 1040 715; x_wconf 86' lang='grc' dir='ltr'><strong><em>φύσεως</em></strong></span> <span class='ocrx_word' id='word_1_10' title='bbox 1062 627 1176 718; x_wconf 83' lang='grc' dir='ltr'><strong><em>λήθην</em></strong></span> <span class='ocrx_word' id='word_1_11' title='bbox 1197 625 1379 716; x_wconf 77' lang='grc' dir='ltr'><strong><em>ἐργάζεται</em></strong></span> <span class='ocrx_word' id='word_1_12' title='bbox 1419 625 1646 715; x_wconf 77' lang='grc' dir='ltr'><strong><em>δράκοντας</em></strong></span> 
     </span>
     <span class='ocr_line' id='line_1_3' title="bbox 339 722 1646 818; baseline 0 -21"><span class='ocrx_word' id='word_1_13' title='bbox 339 731 374 798; x_wconf 79' lang='grc' dir='ltr'><strong><em>δὲ</em></strong></span> <span class='ocrx_word' id='word_1_14' title='bbox 404 723 426 817; x_wconf 78' lang='grc' dir='ltr'><em>ἢ</em></span> <span class='ocrx_word' id='word_1_15' title='bbox 456 733 512 798; x_wconf 87' lang='grc' dir='ltr'><strong><em>καὶ</em></strong></span> <span class='ocrx_word' id='word_1_16' title='bbox 539 727 600 812; x_wconf 85' lang='grc' dir='ltr'><strong><em>τὰς</em></strong></span> <span class='ocrx_word' id='word_1_17' title='bbox 626 727 714 800; x_wconf 85' lang='grc' dir='ltr'><strong><em>κατὰ</em></strong></span> <span class='ocrx_word' id='word_1_18' title='bbox 736 726 921 818; x_wconf 75' lang='grc' dir='ltr'><em>Σύμμαχον</em></span> <span class='ocrx_word' id='word_1_19' title='bbox 942 733 1142 818; x_wconf 82' lang='grc' dir='ltr'><strong><em>Σειρῆνας</em></strong></span> <span class='ocrx_word' id='word_1_20' title='bbox 1168 722 1301 799; x_wconf 87' lang='grc' dir='ltr'><strong><em>ἀκούσει</em></strong></span> <span class='ocrx_word' id='word_1_21' title='bbox 1323 727 1367 799; x_wconf 85' lang='grc' dir='ltr'><strong><em>τὰ</em></strong></span> <span class='ocrx_word' id='word_1_22' title='bbox 1388 727 1523 818; x_wconf 78' lang='grc' dir='ltr'><strong><em>πονηρὰ</em></strong></span> <span class='ocrx_word' id='word_1_23' title='bbox 1545 726 1646 798; x_wconf 88' lang='grc' dir='ltr'><strong><em>πνεύ-</em></strong></span> 
     </span>
     <span class='ocr_line' id='line_1_4' title="bbox 336 821 1645 918; baseline -0.002 -20"><span class='ocrx_word' id='word_1_24' title='bbox 336 855 436 915; x_wconf 88' lang='grc' dir='ltr'><strong><em>ματα,</em></strong></span> <span class='ocrx_word' id='word_1_25' title='bbox 460 827 502 897; x_wconf 82' lang='grc' dir='ltr'><strong><em>τό</em></strong></span> <span class='ocrx_word' id='word_1_26' title='bbox 525 826 607 910; x_wconf 86' lang='grc' dir='ltr'><strong><em>τούς</em></strong></span> <span class='ocrx_word' id='word_1_27' title='bbox 628 828 761 898; x_wconf 76' lang='grc' dir='ltr'><strong><em>ἑαυτῶν</em></strong></span> <span class='ocrx_word' id='word_1_28' title='bbox 783 824 944 918; x_wconf 82' lang='grc' dir='ltr'><strong><em>νεογνούς</em></strong></span> <span class='ocrx_word' id='word_1_29' title='bbox 965 832 1105 916; x_wconf 83' lang='grc' dir='ltr'><strong><em>πονηρῷ</em></strong></span> <span class='ocrx_word' id='word_1_30' title='bbox 1129 824 1366 916; x_wconf 88' lang='grc' dir='ltr'><strong><em>θηλάσαντα</em></strong></span> <span class='ocrx_word' id='word_1_31' title='bbox 1387 821 1537 916; x_wconf 86' lang='grc' dir='ltr'><strong><em>γάλακτι.</em></strong></span> <span class='ocrx_word' id='word_1_32' title='bbox 1574 856 1645 897; x_wconf 90' lang='grc' dir='ltr'><strong><em>τοι·</em></strong></span> 
     </span>
     <span class='ocr_line' id='line_1_5' title="bbox 338 924 1379 1016; baseline 0 -18"><span class='ocrx_word' id='word_1_33' title='bbox 338 931 435 998; x_wconf 88' lang='grc' dir='ltr'><strong><em>οὗτοι</em></strong></span> <span class='ocrx_word' id='word_1_34' title='bbox 457 932 492 998; x_wconf 84' lang='grc' dir='ltr'><strong><em>δὲ</em></strong></span> <span class='ocrx_word' id='word_1_35' title='bbox 516 930 549 998; x_wconf 78' lang='lat' dir='ltr'><strong><em>oi</em></strong></span> <span class='ocrx_word' id='word_1_36' title='bbox 572 945 645 1011; x_wconf 82' lang='grc' dir='ltr'><strong><em>ταῖς</em></strong></span> <span class='ocrx_word' id='word_1_37' title='bbox 667 932 894 1010; x_wconf 77' lang='grc' dir='ltr'><strong><em>διδασκαλίαις</em></strong></span> <span class='ocrx_word' id='word_1_38' title='bbox 914 933 989 998; x_wconf 79' lang='grc' dir='ltr'><strong><em>τῶν</em></strong></span> <span class='ocrx_word' id='word_1_39' title='bbox 1011 924 1142 1016; x_wconf 81' lang='grc' dir='ltr'><strong><em>ἀσεβῶν</em></strong></span> <span class='ocrx_word' id='word_1_40' title='bbox 1165 924 1379 1016; x_wconf 87' lang='grc' dir='ltr'><strong><em>είσαγόμενοι</em></strong></span> 
     </span>
    </p>
   </div>
   <div class='ocr_carea' id='block_1_3' title="bbox 301 1145 1275 1232">
    <p class='ocr_par' dir='ltr' id='par_1_3' title="bbox 301 1145 1275 1232">
     <span class='ocr_line' id='line_1_6' title="bbox 301 1145 1275 1232; baseline -0.004 -16"><span class='ocrx_word' id='word_1_41' title='bbox 301 1164 318 1216; x_wconf 81' lang='lat'>5</span> <span class='ocrx_word' id='word_1_42' title='bbox 707 1145 894 1213; x_wconf 81' lang='lat' dir='ltr'>Nr.xcv1.</span> <span class='ocrx_word' id='word_1_43' title='bbox 937 1145 1060 1232; x_wconf 83' lang='lat' dir='ltr'>Klagel.</span> <span class='ocrx_word' id='word_1_44' title='bbox 1075 1145 1189 1212; x_wconf 83' lang='lat' dir='ltr'>Jerem.</span> <span class='ocrx_word' id='word_1_45' title='bbox 1204 1153 1233 1228; x_wconf 83' lang='lat'><strong><em>4,</em></strong></span> <span class='ocrx_word' id='word_1_46' title='bbox 1248 1152 1275 1214; x_wconf 83' lang='lat'><strong><em>3.</em></strong></span> 
     </span>
    </p>
   </div>
   <div class='ocr_carea' id='block_1_4' title="bbox 287 1287 1724 2179">
    <p class='ocr_par' dir='ltr' id='par_1_4' title="bbox 336 1287 1647 1681">
     <span class='ocr_line' id='line_1_7' title="bbox 419 1287 1646 1383; baseline -0.002 -21"><span class='ocrx_word' id='word_1_47' title='bbox 419 1299 500 1374; x_wconf 81' lang='grc' dir='ltr'><strong><em>Πῶς</em></strong></span> <span class='ocrx_word' id='word_1_48' title='bbox 515 1292 578 1381; x_wconf 84' lang='grc' dir='ltr'><strong><em>γὰρ</em></strong></span> <span class='ocrx_word' id='word_1_49' title='bbox 593 1289 635 1366; x_wconf 90' lang='grc' dir='ltr'><strong><em>ού</em></strong></span> <span class='ocrx_word' id='word_1_50' title='bbox 656 1298 876 1383; x_wconf 78' lang='grc' dir='ltr'><strong><em>θυγατέρες</em></strong></span> <span class='ocrx_word' id='word_1_51' title='bbox 898 1296 930 1363; x_wconf 78' lang='grc' dir='ltr'><strong><em>οἱ</em></strong></span> <span class='ocrx_word' id='word_1_52' title='bbox 945 1295 1245 1382; x_wconf 80' lang='grc' dir='ltr'><strong><em>ἒκτεθηλυμμένοι,</em></strong></span> <span class='ocrx_word' id='word_1_53' title='bbox 1266 1287 1324 1376; x_wconf 76' lang='grc' dir='ltr'><strong><em>οὓς</em></strong></span> <span class='ocrx_word' id='word_1_54' title='bbox 1338 1299 1394 1362; x_wconf 82' lang='grc' dir='ltr'><strong><em>καὶ</em></strong></span> <span class='ocrx_word' id='word_1_55' title='bbox 1411 1292 1536 1380; x_wconf 75' lang='grc' dir='ltr'><strong><em>Φαραώ</em></strong></span> <span class='ocrx_word' id='word_1_56' title='bbox 1552 1320 1646 1380; x_wconf 86' lang='grc' dir='ltr'><strong><em>περι-</em></strong></span> 
     </span>
     <span class='ocr_line' id='line_1_8' title="bbox 336 1389 1647 1482; baseline -0.003 -19"><span class='ocrx_word' id='word_1_57' title='bbox 336 1410 492 1476; x_wconf 74' lang='grc' dir='ltr'><strong><em>ποιεῖται,</em></strong></span> <span class='ocrx_word' id='word_1_58' title='bbox 522 1389 681 1478; x_wconf 83' lang='grc' dir='ltr'><em>φονεύων</em></span> <span class='ocrx_word' id='word_1_59' title='bbox 711 1391 792 1475; x_wconf 84' lang='grc' dir='ltr'><strong><em>τούς</em></strong></span> <span class='ocrx_word' id='word_1_60' title='bbox 814 1391 974 1480; x_wconf 69' lang='grc' dir='ltr'><strong><em>ἄρρενας·</em></strong></span> <span class='ocrx_word' id='word_1_61' title='bbox 1003 1395 1037 1462; x_wconf 81' lang='grc' dir='ltr'><strong><em>οἳ</em></strong></span> <span class='ocrx_word' id='word_1_62' title='bbox 1060 1399 1117 1462; x_wconf 83' lang='grc' dir='ltr'><strong><em>καὶ</em></strong></span> <span class='ocrx_word' id='word_1_63' title='bbox 1139 1389 1204 1480; x_wconf 83' lang='grc' dir='ltr'><strong><em>τὴν</em></strong></span> <span class='ocrx_word' id='word_1_64' title='bbox 1226 1396 1452 1476; x_wconf 85' lang='grc' dir='ltr'><strong><em>διδασκαλίαν,</em></strong></span> <span class='ocrx_word' id='word_1_65' title='bbox 1475 1391 1539 1482; x_wconf 81' lang='grc' dir='ltr'><strong><em>τὴν</em></strong></span> <span class='ocrx_word' id='word_1_66' title='bbox 1562 1394 1647 1482; x_wconf 81' lang='grc' dir='ltr'><strong><em>ἔρη-</em></strong></span> 
     </span>
     <span class='ocr_line' id='line_1_9' title="bbox 336 1487 1646 1581; baseline -0.005 -17"><span class='ocrx_word' id='word_1_67' title='bbox 336 1521 412 1581; x_wconf 91' lang='grc' dir='ltr'><strong><em>μον</em></strong></span> <span class='ocrx_word' id='word_1_68' title='bbox 442 1497 539 1576; x_wconf 84' lang='grc' dir='ltr'><strong><em>θεοῦ,</em></strong></span> <span class='ocrx_word' id='word_1_69' title='bbox 570 1489 855 1576; x_wconf 87' lang='grc' dir='ltr'><strong><em>καταβόσκονται,</em></strong></span> <span class='ocrx_word' id='word_1_70' title='bbox 885 1487 1082 1580; x_wconf 82' lang='grc' dir='ltr'><strong><em>ἀποπτῆναι</em></strong></span> <span class='ocrx_word' id='word_1_71' title='bbox 1112 1488 1200 1562; x_wconf 81' lang='grc' dir='ltr'><strong><em>κατὰ</em></strong></span> <span class='ocrx_word' id='word_1_72' title='bbox 1229 1490 1310 1573; x_wconf 86' lang='grc' dir='ltr'><strong><em>τούς</em></strong></span> <span class='ocrx_word' id='word_1_73' title='bbox 1339 1489 1646 1581; x_wconf 82' lang='grc' dir='ltr'><strong><em>στρουθοκαμὴ-</em></strong></span> 
     </span>
     <span class='ocr_line' id='line_1_10' title="bbox 338 1585 1647 1681; baseline 0 -19"><span class='ocrx_word' id='word_1_74' title='bbox 338 1601 433 1674; x_wconf 90' lang='grc' dir='ltr'><strong><em>λους</em></strong></span> <span class='ocrx_word' id='word_1_75' title='bbox 452 1590 498 1681; x_wconf 82' lang='grc' dir='ltr'><strong><em>μὴ</em></strong></span> <span class='ocrx_word' id='word_1_76' title='bbox 514 1588 703 1680; x_wconf 82' lang='grc' dir='ltr'><strong><em>δυνάμενοι,</em></strong></span> <span class='ocrx_word' id='word_1_77' title='bbox 726 1586 813 1663; x_wconf 87' lang='grc' dir='ltr'><strong><em>ἀλλὰ</em></strong></span> <span class='ocrx_word' id='word_1_78' title='bbox 829 1588 894 1680; x_wconf 83' lang='grc' dir='ltr'><strong><em>τὴν</em></strong></span> <span class='ocrx_word' id='word_1_79' title='bbox 908 1596 972 1680; x_wconf 83' lang='grc' dir='ltr'><strong><em>γῆν</em></strong></span> <span class='ocrx_word' id='word_1_80' title='bbox 987 1585 1037 1660; x_wconf 77' lang='grc' dir='ltr'><strong><em>ἀεὶ</em></strong></span> <span class='ocrx_word' id='word_1_81' title='bbox 1053 1597 1266 1676; x_wconf 65' lang='grc' dir='ltr'><strong><em>διαθέοντες·</em></strong></span> <span class='ocrx_word' id='word_1_82' title='bbox 1288 1590 1329 1662; x_wconf 87' lang='grc' dir='ltr'><strong><em>τὸ</em></strong></span> <span class='ocrx_word' id='word_1_83' title='bbox 1345 1590 1408 1680; x_wconf 83' lang='grc' dir='ltr'><strong><em>γὰρ</em></strong></span> <span class='ocrx_word' id='word_1_84' title='bbox 1424 1597 1647 1678; x_wconf 88' lang='grc' dir='ltr'><strong><em>στρουθίον</em></strong></span> 
     </span>
    </p>

    <p class='ocr_par' dir='ltr' id='par_1_5' title="bbox 287 1683 1724 2179">
     <span class='ocr_line' id='line_1_11' title="bbox 287 1683 1646 1780; baseline -0.004 -16"><span class='ocrx_word' id='word_1_85' title='bbox 287 1710 320 1765; x_wconf 88' lang='grc'><strong><em>10</em></strong></span> <span class='ocrx_word' id='word_1_86' title='bbox 339 1683 452 1774; x_wconf 86' lang='grc' dir='ltr'><strong><em>ούτως</em></strong></span> <span class='ocrx_word' id='word_1_87' title='bbox 467 1694 610 1777; x_wconf 77' lang='grc' dir='ltr'><strong><em>ἐξέδωκε</em></strong></span> <span class='ocrx_word' id='word_1_88' title='bbox 624 1689 813 1780; x_wconf 77' lang='grc' dir='ltr'><strong><em>Σύμμαχος,</em></strong></span> <span class='ocrx_word' id='word_1_89' title='bbox 837 1689 917 1772; x_wconf 83' lang='grc' dir='ltr'><strong><em>τούς</em></strong></span> <span class='ocrx_word' id='word_1_90' title='bbox 931 1695 967 1761; x_wconf 78' lang='grc' dir='ltr'><strong><em>δὲ</em></strong></span> <span class='ocrx_word' id='word_1_91' title='bbox 987 1687 1126 1762; x_wconf 88' lang='grc' dir='ltr'><strong><em>τούτων</em></strong></span> <span class='ocrx_word' id='word_1_92' title='bbox 1141 1685 1361 1772; x_wconf 78' lang='grc' dir='ltr'><strong><em>διδασκάλους</em></strong></span> <span class='ocrx_word' id='word_1_93' title='bbox 1377 1685 1438 1762; x_wconf 89' lang='grc' dir='ltr'><strong><em>ούκ</em></strong></span> <span class='ocrx_word' id='word_1_94' title='bbox 1454 1685 1646 1772; x_wconf 77' lang='grc' dir='ltr'><strong><em>ἀπεικότως</em></strong></span> 
     </span>
     <span class='ocr_line' id='line_1_12' title="bbox 338 1781 1647 1880; baseline 0 -20"><span class='ocrx_word' id='word_1_95' title='bbox 338 1795 537 1879; x_wconf 84' lang='grc' dir='ltr'><strong><em>Σειρῆνας</em></strong></span> <span class='ocrx_word' id='word_1_96' title='bbox 559 1788 721 1862; x_wconf 78' lang='grc' dir='ltr'><strong><em>ἐκάλεσεν.</em></strong></span> <span class='ocrx_word' id='word_1_97' title='bbox 756 1789 844 1861; x_wconf 86' lang='grc' dir='ltr'><strong><em>κατὰ</em></strong></span> <span class='ocrx_word' id='word_1_98' title='bbox 866 1789 928 1880; x_wconf 83' lang='grc' dir='ltr'><strong><em>γὰρ</em></strong></span> <span class='ocrx_word' id='word_1_99' title='bbox 950 1788 1014 1862; x_wconf 87' lang='grc' dir='ltr'><strong><em>τὸν</em></strong></span> <span class='ocrx_word' id='word_1_100' title='bbox 1037 1793 1102 1876; x_wconf 76' lang='grc' dir='ltr'><strong><em>ἔξω</em></strong></span> <span class='ocrx_word' id='word_1_101' title='bbox 1123 1797 1236 1880; x_wconf 80' lang='grc' dir='ltr'><strong><em>μῦθον</em></strong></span> <span class='ocrx_word' id='word_1_102' title='bbox 1258 1781 1357 1862; x_wconf 82' lang='grc' dir='ltr'><strong><em>αὗται</em></strong></span> <span class='ocrx_word' id='word_1_103' title='bbox 1376 1787 1430 1860; x_wconf 82' lang='grc' dir='ltr'><strong><em>διὰ</em></strong></span> <span class='ocrx_word' id='word_1_104' title='bbox 1445 1793 1507 1878; x_wconf 83' lang='grc' dir='ltr'><strong><em>τῆς</em></strong></span> <span class='ocrx_word' id='word_1_105' title='bbox 1521 1784 1647 1879; x_wconf 78' lang='grc' dir='ltr'><strong><em>ἡδονῆς</em></strong></span> 
     </span>
     <span class='ocr_line' id='line_1_13' title="bbox 339 1882 1724 1979; baseline -0.001 -19"><span class='ocrx_word' id='word_1_106' title='bbox 339 1889 420 1972; x_wconf 88' lang='grc' dir='ltr'><strong><em>τούς</em></strong></span> <span class='ocrx_word' id='word_1_107' title='bbox 447 1885 704 1979; x_wconf 84' lang='grc' dir='ltr'><strong><em>προστυχόντας</em></strong></span> <span class='ocrx_word' id='word_1_108' title='bbox 731 1885 925 1974; x_wconf 81' lang='grc' dir='ltr'><strong><em>ἀπώλλυον,</em></strong></span> <span class='ocrx_word' id='word_1_109' title='bbox 956 1887 1072 1979; x_wconf 76' lang='grc' dir='ltr'><strong><em>ὥσπερ</em></strong></span> <span class='ocrx_word' id='word_1_110' title='bbox 1102 1882 1165 1961; x_wconf 82' lang='grc' dir='ltr'><strong><em>οὖν</em></strong></span> <span class='ocrx_word' id='word_1_111' title='bbox 1195 1887 1258 1962; x_wconf 89' lang='grc' dir='ltr'><strong><em>τόν</em></strong></span> <span class='ocrx_word' id='word_1_112' title='bbox 1284 1888 1339 1961; x_wconf 87' lang='grc' dir='ltr'><strong><em>ίδν</em></strong></span> <span class='ocrx_word' id='word_1_113' title='bbox 1360 1883 1562 1970; x_wconf 79' lang='grc' dir='ltr'><strong><em>ἐνδακόντες</em></strong></span> <span class='ocrx_word' id='word_1_114' title='bbox 1584 1893 1616 1961; x_wconf 74' lang='grc' dir='ltr'><strong><em>οἱ</em></strong></span> <span class='ocrx_word' id='word_1_115' title='bbox 1636 1895 1647 1976; x_wconf 72' lang='lat' dir='ltr'><strong><em>l]</em></strong></span> <span class='ocrx_word' id='word_1_116' title='bbox 1669 1899 1724 1954; x_wconf 82' lang='lat'><strong><em>346</em></strong></span> 
     </span>
     <span class='ocr_line' id='line_1_14' title="bbox 339 1982 1722 2079; baseline -0.001 -19"><span class='ocrx_word' id='word_1_117' title='bbox 339 1986 566 2079; x_wconf 82' lang='grc' dir='ltr'><strong><em>δράκοντες.</em></strong></span> <span class='ocrx_word' id='word_1_118' title='bbox 610 1983 764 2076; x_wconf 75' lang='grc' dir='ltr'><strong><em>ὀνειδίζει</em></strong></span> <span class='ocrx_word' id='word_1_119' title='bbox 793 1996 912 2060; x_wconf 87' lang='grc' dir='ltr'><strong><em>τοίνυν</em></strong></span> <span class='ocrx_word' id='word_1_120' title='bbox 944 2007 1016 2072; x_wconf 81' lang='grc' dir='ltr'><strong><em>τοῖς</em></strong></span> <span class='ocrx_word' id='word_1_121' title='bbox 1043 1995 1149 2078; x_wconf 82' lang='grc' dir='ltr'><strong><em>δῆθεν</em></strong></span> <span class='ocrx_word' id='word_1_122' title='bbox 1174 1986 1318 2079; x_wconf 75' lang='grc' dir='ltr'><strong><em>ἀγαθοῖς</em></strong></span> <span class='ocrx_word' id='word_1_123' title='bbox 1340 1983 1568 2072; x_wconf 79' lang='grc' dir='ltr'><strong><em>διδασκάλοις,</em></strong></span> <span class='ocrx_word' id='word_1_124' title='bbox 1590 1982 1646 2058; x_wconf 84' lang='grc' dir='ltr'><strong><em>ότι</em></strong></span> <span class='ocrx_word' id='word_1_125' title='bbox 1719 2007 1722 2014; x_wconf 90' lang='grc'><strong>“</strong></span> 
     </span>
     <span class='ocr_line' id='line_1_15' title="bbox 337 2083 1390 2179; baseline -0.001 -19"><span class='ocrx_word' id='word_1_126' title='bbox 337 2095 421 2178; x_wconf 72' lang='grc' dir='ltr'><strong><em>μηδὲ</em></strong></span> <span class='ocrx_word' id='word_1_127' title='bbox 443 2087 579 2172; x_wconf 83' lang='grc' dir='ltr'><strong><em>τούτοις</em></strong></span> <span class='ocrx_word' id='word_1_128' title='bbox 601 2083 728 2179; x_wconf 86' lang='grc' dir='ltr'><strong><em>δμοίως</em></strong></span> <span class='ocrx_word' id='word_1_129' title='bbox 750 2095 826 2177; x_wconf 85' lang='grc' dir='ltr'><strong><em>περὶ</em></strong></span> <span class='ocrx_word' id='word_1_130' title='bbox 849 2088 929 2171; x_wconf 85' lang='grc' dir='ltr'><strong><em>τούς</em></strong></span> <span class='ocrx_word' id='word_1_131' title='bbox 952 2095 1148 2176; x_wconf 82' lang='grc' dir='ltr'><strong><em>φοιτῶντας</em></strong></span> <span class='ocrx_word' id='word_1_132' title='bbox 1171 2087 1390 2162; x_wconf 78' lang='grc' dir='ltr'><strong><em>ἐσπούδασαν.</em></strong></span> 
     </span>
    </p>
   </div>
   <div class='ocr_carea' id='block_1_5' title="bbox 289 2306 1281 2392">
    <p class='ocr_par' dir='ltr' id='par_1_6' title="bbox 289 2306 1281 2392">
     <span class='ocr_line' id='line_1_16' title="bbox 289 2306 1281 2392; baseline -0.014 -7"><span class='ocrx_word' id='word_1_133' title='bbox 289 2333 321 2385; x_wconf 80' lang='lat'><strong><em>15</em></strong></span> <span class='ocrx_word' id='word_1_134' title='bbox 699 2306 755 2373; x_wconf 87' lang='lat' dir='ltr'><strong><em>Nr.</em></strong></span> <span class='ocrx_word' id='word_1_135' title='bbox 771 2307 899 2374; x_wconf 83' lang='lat' dir='ltr'>XCVII.</span> <span class='ocrx_word' id='word_1_136' title='bbox 942 2307 1065 2392; x_wconf 79' lang='lat' dir='ltr'>Klagel.</span> <span class='ocrx_word' id='word_1_137' title='bbox 1079 2308 1194 2374; x_wconf 81' lang='lat' dir='ltr'><strong>Jerem.</strong></span> <span class='ocrx_word' id='word_1_138' title='bbox 1210 2316 1238 2388; x_wconf 89' lang='grc'><strong><em>4,</em></strong></span> <span class='ocrx_word' id='word_1_139' title='bbox 1252 2315 1281 2374; x_wconf 93' lang='grc'><strong><em>4.</em></strong></span> 
     </span>
    </p>
   </div>
   <div class='ocr_carea' id='block_1_6' title="bbox 338 2445 1646 2842">
    <p class='ocr_par' dir='ltr' id='par_1_7' title="bbox 338 2445 1646 2842">
     <span class='ocr_line' id='line_1_17' title="bbox 426 2445 1644 2543; baseline 0.001 -20"><span class='ocrx_word' id='word_1_140' title='bbox 426 2459 536 2524; x_wconf 85' lang='grc' dir='ltr'><strong><em>Ταῦτα</em></strong></span> <span class='ocrx_word' id='word_1_141' title='bbox 561 2449 755 2524; x_wconf 76' lang='grc' dir='ltr'><strong><em>πεπόνθασι</em></strong></span> <span class='ocrx_word' id='word_1_142' title='bbox 779 2451 1064 2543; x_wconf 89' lang='grc' dir='ltr'><strong><em>πολιορκούμενοί</em></strong></span> <span class='ocrx_word' id='word_1_143' title='bbox 1085 2483 1123 2525; x_wconf 88' lang='grc' dir='ltr'><strong><em>τε</em></strong></span> <span class='ocrx_word' id='word_1_144' title='bbox 1145 2462 1201 2526; x_wconf 83' lang='grc' dir='ltr'><strong><em>καί</em></strong></span> <span class='ocrx_word' id='word_1_145' title='bbox 1223 2449 1439 2543; x_wconf 75' lang='grc' dir='ltr'><strong><em>ἀπαγόμενοι.</em></strong></span> <span class='ocrx_word' id='word_1_146' title='bbox 1481 2459 1589 2540; x_wconf 76' lang='grc' dir='ltr'><strong><em>λέγοις</em></strong></span> <span class='ocrx_word' id='word_1_147' title='bbox 1611 2445 1644 2524; x_wconf 78' lang='grc' dir='ltr'><strong><em>δ’</em></strong></span> 
     </span>
     <span class='ocr_line' id='line_1_18' title="bbox 340 2548 1645 2644; baseline 0 -22"><span class='ocrx_word' id='word_1_148' title='bbox 340 2548 383 2623; x_wconf 80' lang='grc' dir='ltr'><strong><em>ἀν</em></strong></span> <span class='ocrx_word' id='word_1_149' title='bbox 404 2558 460 2624; x_wconf 84' lang='grc' dir='ltr'><strong><em>καὶ</em></strong></span> <span class='ocrx_word' id='word_1_150' title='bbox 481 2549 529 2636; x_wconf 72' lang='grc' dir='ltr'><strong><em>ω“ς</em></strong></span> <span class='ocrx_word' id='word_1_151' title='bbox 550 2550 661 2641; x_wconf 77' lang='grc' dir='ltr'><strong><em>&gt;λιμὸν</em></strong></span> <span class='ocrx_word' id='word_1_152' title='bbox 683 2549 866 2641; x_wconf 78' lang='grc' dir='ltr'><strong><em>ύπέμειναν</em></strong></span> <span class='ocrx_word' id='word_1_153' title='bbox 888 2549 950 2624; x_wconf 84' lang='grc' dir='ltr'><strong><em>ούκ</em></strong></span> <span class='ocrx_word' id='word_1_154' title='bbox 972 2552 1087 2642; x_wconf 83' lang='grc' dir='ltr'><strong><em>ἄρτου,</em></strong></span> <span class='ocrx_word' id='word_1_155' title='bbox 1113 2550 1173 2644; x_wconf 83' lang='grc' dir='ltr'><strong><em>οάχ</em></strong></span> <span class='ocrx_word' id='word_1_156' title='bbox 1194 2549 1332 2636; x_wconf 73' lang='grc' dir='ltr'><strong><em>ύδατος</em></strong></span> <span class='ocrx_word' id='word_1_157' title='bbox 1353 2553 1441 2625; x_wconf 84' lang='grc' dir='ltr'><strong><em>κατὰ</em></strong></span> <span class='ocrx_word' id='word_1_158' title='bbox 1464 2549 1506 2623; x_wconf 85' lang='grc' dir='ltr'><strong><em>τὸ</em></strong></span> <span class='ocrx_word' id='word_1_159' title='bbox 1527 2548 1645 2640; x_wconf 88' lang='grc' dir='ltr'><strong><em>λόγιον</em></strong></span> 
     </span>
     <span class='ocr_line' id='line_1_19' title="bbox 340 2646 1646 2744; baseline 0 -22"><span class='ocrx_word' id='word_1_160' title='bbox 340 2652 381 2722; x_wconf 85' lang='grc' dir='ltr'><strong><em>τὸ</em></strong></span> <span class='ocrx_word' id='word_1_161' title='bbox 417 2648 643 2742; x_wconf 80' lang='grc' dir='ltr'><strong><em>προφητικόν,</em></strong></span> <span class='ocrx_word' id='word_1_162' title='bbox 672 2647 772 2723; x_wconf 68' lang='grc' dir='ltr'><strong><em>»ἀλλὰ</em></strong></span> <span class='ocrx_word' id='word_1_163' title='bbox 802 2658 867 2724; x_wconf 87' lang='grc' dir='ltr'><strong><em>τοῦ</em></strong></span> <span class='ocrx_word' id='word_1_164' title='bbox 901 2646 1042 2725; x_wconf 85' lang='grc' dir='ltr'><strong><em>ἀκοῦσαι</em></strong></span> <span class='ocrx_word' id='word_1_165' title='bbox 1068 2652 1172 2744; x_wconf 87' lang='grc' dir='ltr'><strong><em>λόγον</em></strong></span> <span class='ocrx_word' id='word_1_166' title='bbox 1202 2659 1339 2742; x_wconf 66' lang='grc' dir='ltr'><strong><em>κυρίουι.</em></strong></span> <span class='ocrx_word' id='word_1_167' title='bbox 1382 2649 1434 2722; x_wconf 88' lang='grc' dir='ltr'><strong><em>διὸ</em></strong></span> <span class='ocrx_word' id='word_1_168' title='bbox 1464 2657 1541 2740; x_wconf 84' lang='grc' dir='ltr'><strong><em>περὶ</em></strong></span> <span class='ocrx_word' id='word_1_169' title='bbox 1572 2657 1646 2722; x_wconf 82' lang='grc' dir='ltr'><strong><em>τῶν</em></strong></span> 
     </span>
     <span class='ocr_line' id='line_1_20' title="bbox 338 2749 867 2842; baseline -0.004 -18"><span class='ocrx_word' id='word_1_170' title='bbox 338 2759 494 2842; x_wconf 82' lang='grc' dir='ltr'><strong><em>νεογνῶν</em></strong></span> <span class='ocrx_word' id='word_1_171' title='bbox 515 2749 632 2823; x_wconf 78' lang='grc' dir='ltr'><strong><em>αὐτῶν</em></strong></span> <span class='ocrx_word' id='word_1_172' title='bbox 652 2749 867 2841; x_wconf 86' lang='grc' dir='ltr'><strong><em>προφητεύει.</em></strong></span> 
     </span>
    </p>
   </div>
   <div class='ocr_carea' id='block_1_7' title="bbox 288 2970 1297 3058">
    <p class='ocr_par' dir='ltr' id='par_1_8' title="bbox 288 2970 1297 3058">
     <span class='ocr_line' id='line_1_21' title="bbox 288 2970 1297 3058; baseline 0.003 -23"><span class='ocrx_word' id='word_1_173' title='bbox 288 2987 322 3043; x_wconf 83' lang='lat'><strong><em>20</em></strong></span> <span class='ocrx_word' id='word_1_174' title='bbox 693 2970 751 3038; x_wconf 88' lang='lat' dir='ltr'><strong><em>Nr.</em></strong></span> <span class='ocrx_word' id='word_1_175' title='bbox 773 2971 916 3038; x_wconf 82' lang='lat' dir='ltr'>XCVIII.</span> <span class='ocrx_word' id='word_1_176' title='bbox 959 2972 1083 3058; x_wconf 80' lang='lat' dir='ltr'>KlageI</span> <span class='ocrx_word' id='word_1_177' title='bbox 1097 2972 1212 3038; x_wconf 83' lang='lat' dir='ltr'>Jerem.</span> <span class='ocrx_word' id='word_1_178' title='bbox 1227 2981 1254 3053; x_wconf 89' lang='grc'><strong><em>4,</em></strong></span> <span class='ocrx_word' id='word_1_179' title='bbox 1270 2981 1297 3038; x_wconf 89' lang='grc'><strong><em>4.</em></strong></span> 
     </span>
    </p>
   </div>
   <div class='ocr_carea' id='block_1_8' title="bbox 340 3111 1648 3306">
    <p class='ocr_par' dir='ltr' id='par_1_9' title="bbox 340 3111 1648 3306">
     <span class='ocr_line' id='line_1_22' title="bbox 421 3111 1648 3207; baseline 0.002 -22"><span class='ocrx_word' id='word_1_180' title='bbox 421 3111 609 3206; x_wconf 82' lang='grc' dir='ltr'><strong><em>Ἱστορικῶς</em></strong></span> <span class='ocrx_word' id='word_1_181' title='bbox 630 3122 691 3206; x_wconf 79' lang='grc' dir='ltr'><strong><em>μὲν</em></strong></span> <span class='ocrx_word' id='word_1_182' title='bbox 713 3119 909 3207; x_wconf 80' lang='grc' dir='ltr'><strong><em>ἐπανῆλθεν</em></strong></span> <span class='ocrx_word' id='word_1_183' title='bbox 931 3120 986 3187; x_wconf 73' lang='grc' dir='ltr'><strong><em>ἐπί</em></strong></span> <span class='ocrx_word' id='word_1_184' title='bbox 1009 3115 1051 3188; x_wconf 81' lang='grc' dir='ltr'><strong><em>τὰ</em></strong></span> <span class='ocrx_word' id='word_1_185' title='bbox 1074 3114 1246 3206; x_wconf 81' lang='grc' dir='ltr'><strong><em>συμβάντα</em></strong></span> <span class='ocrx_word' id='word_1_186' title='bbox 1261 3121 1317 3188; x_wconf 78' lang='grc' dir='ltr'><strong><em>ἐπί</em></strong></span> <span class='ocrx_word' id='word_1_187' title='bbox 1336 3123 1399 3207; x_wconf 84' lang='grc' dir='ltr'><strong><em>τῆς</em></strong></span> <span class='ocrx_word' id='word_1_188' title='bbox 1413 3121 1648 3207; x_wconf 82' lang='grc' dir='ltr'><strong><em>αἰχμαλωσίας,</em></strong></span> 
     </span>
     <span class='ocr_line' id='line_1_23' title="bbox 340 3212 1568 3306; baseline 0 -19"><span class='ocrx_word' id='word_1_189' title='bbox 340 3214 426 3306; x_wconf 86' lang='grc' dir='ltr'><strong><em>πρὸς</em></strong></span> <span class='ocrx_word' id='word_1_190' title='bbox 449 3222 483 3288; x_wconf 87' lang='grc' dir='ltr'><strong><em>δε</em></strong></span> <span class='ocrx_word' id='word_1_191' title='bbox 505 3213 660 3288; x_wconf 81' lang='grc' dir='ltr'><strong><em>διάνοιαν</em></strong></span> <span class='ocrx_word' id='word_1_192' title='bbox 681 3222 756 3304; x_wconf 86' lang='grc' dir='ltr'><strong><em>περί</em></strong></span> <span class='ocrx_word' id='word_1_193' title='bbox 779 3222 843 3288; x_wconf 85' lang='grc' dir='ltr'><strong><em>τού</em></strong></span> <span class='ocrx_word' id='word_1_194' title='bbox 864 3221 963 3305; x_wconf 82' lang='grc' dir='ltr'><strong><em>λιμοῦ</em></strong></span> <span class='ocrx_word' id='word_1_195' title='bbox 986 3222 1049 3288; x_wconf 84' lang='grc' dir='ltr'><strong><em>τοῦ</em></strong></span> <span class='ocrx_word' id='word_1_196' title='bbox 1071 3219 1308 3288; x_wconf 87' lang='grc' dir='ltr'><strong><em>διδασκαλικού</em></strong></span> <span class='ocrx_word' id='word_1_197' title='bbox 1329 3212 1435 3306; x_wconf 90' lang='grc' dir='ltr'><strong><em>λόγου</em></strong></span> <span class='ocrx_word' id='word_1_198' title='bbox 1457 3220 1568 3305; x_wconf 79' lang='grc' dir='ltr'><strong><em>φησίν.</em></strong></span> 
     </span>
    </p>
   </div>
   <div class='ocr_carea' id='block_1_9' title="bbox 711 3433 1284 3520">
    <p class='ocr_par' dir='ltr' id='par_1_10' title="bbox 711 3433 1284 3520">
     <span class='ocr_line' id='line_1_24' title="bbox 711 3433 1284 3520; baseline 0 -20"><span class='ocrx_word' id='word_1_199' title='bbox 711 3433 744 3500; x_wconf 86' lang='grc' dir='ltr'>Ν</span> <span class='ocrx_word' id='word_1_200' title='bbox 745 3457 767 3498; x_wconf 90' lang='lat' dir='ltr'><strong><em>r.</em></strong></span> <span class='ocrx_word' id='word_1_201' title='bbox 790 3433 899 3500; x_wconf 82' lang='lat' dir='ltr'>XCIX.</span> <span class='ocrx_word' id='word_1_202' title='bbox 943 3434 1067 3520; x_wconf 74' lang='lat' dir='ltr'>Klagel.</span> <span class='ocrx_word' id='word_1_203' title='bbox 1082 3434 1197 3500; x_wconf 81' lang='lat' dir='ltr'><strong>Jerem.</strong></span> <span class='ocrx_word' id='word_1_204' title='bbox 1213 3442 1241 3515; x_wconf 87' lang='grc'><strong><em>4,</em></strong></span> <span class='ocrx_word' id='word_1_205' title='bbox 1257 3443 1284 3503; x_wconf 84' lang='grc'><strong><em>5.</em></strong></span> 
     </span>
    </p>
   </div>
   <div class='ocr_carea' id='block_1_10' title="bbox 426 3574 1650 3669">
    <p class='ocr_par' dir='ltr' id='par_1_11' title="bbox 426 3574 1650 3669">
     <span class='ocr_line' id='line_1_25' title="bbox 426 3574 1650 3669; baseline -0.001 -20"><span class='ocrx_word' id='word_1_206' title='bbox 426 3574 473 3649; x_wconf 78' lang='grc' dir='ltr'><strong><em>Οὐ</em></strong></span> <span class='ocrx_word' id='word_1_207' title='bbox 495 3578 558 3668; x_wconf 82' lang='grc' dir='ltr'><strong><em>γὰρ</em></strong></span> <span class='ocrx_word' id='word_1_208' title='bbox 581 3585 749 3652; x_wconf 82' lang='grc' dir='ltr'><strong><em>τοσοῦτον</em></strong></span> <span class='ocrx_word' id='word_1_209' title='bbox 772 3579 920 3651; x_wconf 77' lang='grc' dir='ltr'><strong><em>ἐλεεινὸν</em></strong></span> <span class='ocrx_word' id='word_1_210' title='bbox 941 3583 974 3650; x_wconf 84' lang='grc' dir='ltr'><strong><em>οί</em></strong></span> <span class='ocrx_word' id='word_1_211' title='bbox 996 3585 1138 3669; x_wconf 82' lang='grc' dir='ltr'><strong><em>πένητες</em></strong></span> <span class='ocrx_word' id='word_1_212' title='bbox 1156 3581 1188 3651; x_wconf 75' lang='lat' dir='ltr'><strong><em>oi</em></strong></span> <span class='ocrx_word' id='word_1_213' title='bbox 1203 3578 1414 3668; x_wconf 88' lang='grc' dir='ltr'><strong><em>κακούμενοι.</em></strong></span> <span class='ocrx_word' id='word_1_214' title='bbox 1454 3576 1598 3660; x_wconf 89' lang='grc' dir='ltr'><strong><em>τούτους</em></strong></span> <span class='ocrx_word' id='word_1_215' title='bbox 1614 3583 1650 3648; x_wconf 76' lang='grc' dir='ltr'><strong><em>δὲ</em></strong></span> 
     </span>
    </p>
   </div>
   <div class='ocr_carea' id='block_1_11' title="bbox 290 3675 1650 3770">
    <p class='ocr_par' dir='ltr' id='par_1_12' title="bbox 290 3675 1650 3770">
     <span class='ocr_line' id='line_1_26' title="bbox 290 3675 1650 3770; baseline 0 -23"><span class='ocrx_word' id='word_1_216' title='bbox 290 3693 323 3748; x_wconf 82' lang='grc'><strong><em>25</em></strong></span> <span class='ocrx_word' id='word_1_217' title='bbox 341 3688 464 3768; x_wconf 80' lang='grc' dir='ltr'><strong><em>θρηνεῖ</em></strong></span> <span class='ocrx_word' id='word_1_218' title='bbox 482 3684 538 3749; x_wconf 83' lang='grc' dir='ltr'><strong><em>καί</em></strong></span> <span class='ocrx_word' id='word_1_219' title='bbox 560 3683 704 3762; x_wconf 85' lang='grc' dir='ltr'><strong><em>Παῦλος,</em></strong></span> <span class='ocrx_word' id='word_1_220' title='bbox 730 3681 799 3748; x_wconf 77' lang='grc' dir='ltr'><strong><em>»ὠν</em></strong></span> <span class='ocrx_word' id='word_1_221' title='bbox 819 3676 840 3769; x_wconf 78' lang='grc' dir='ltr'><em>ἦ</em></span> <span class='ocrx_word' id='word_1_222' title='bbox 862 3682 1033 3752; x_wconf 65' lang='grc' dir='ltr'><strong><em>υἱοθεσία(</em></strong></span> <span class='ocrx_word' id='word_1_223' title='bbox 1060 3687 1169 3770; x_wconf 81' lang='grc' dir='ltr'><strong><em>λέγων</em></strong></span> <span class='ocrx_word' id='word_1_224' title='bbox 1193 3686 1266 3750; x_wconf 73' lang='grc' dir='ltr'><strong><em>»καί</em></strong></span> <span class='ocrx_word' id='word_1_225' title='bbox 1289 3675 1310 3770; x_wconf 79' lang='grc' dir='ltr'><em>ἦ</em></span> <span class='ocrx_word' id='word_1_226' title='bbox 1332 3675 1441 3766; x_wconf 74' lang='grc' dir='ltr'><strong><em>δόξαι.</em></strong></span> <span class='ocrx_word' id='word_1_227' title='bbox 1483 3705 1564 3748; x_wconf 85' lang='grc' dir='ltr'><strong><em>κενα</em></strong></span> <span class='ocrx_word' id='word_1_228' title='bbox 1586 3676 1650 3765; x_wconf 83' lang='grc' dir='ltr'><strong><em>γὰρ</em></strong></span> 
     </span>
    </p>
   </div>
   <div class='ocr_carea' id='block_1_12' title="bbox 342 3865 1655 4276">
    <p class='ocr_par' dir='ltr' id='par_1_13' title="bbox 342 3865 1655 4276">
     <span class='ocr_line' id='line_1_27' title="bbox 426 3865 1652 3938; baseline -0.002 -15"><span class='ocrx_word' id='word_1_229' title='bbox 426 3868 475 3924; x_wconf 73' lang='lat' dir='ltr'><strong><em>ot.</em></strong></span> <span class='ocrx_word' id='word_1_230' title='bbox 494 3865 558 3937; x_wconf 80' lang='lat' dir='ltr'><strong>Vgl.</strong></span> <span class='ocrx_word' id='word_1_231' title='bbox 577 3865 665 3924; x_wconf 79' lang='lat' dir='ltr'><strong>Exori.</strong></span> <span class='ocrx_word' id='word_1_232' title='bbox 684 3869 762 3934; x_wconf 86' lang='lat'>1,16.</span> <span class='ocrx_word' id='word_1_233' title='bbox 779 3897 812 3907; x_wconf 97' lang='lat'>-</span> <span class='ocrx_word' id='word_1_234' title='bbox 829 3868 884 3927; x_wconf 73' lang='lat' dir='ltr'><strong><em>off.</em></strong></span> <span class='ocrx_word' id='word_1_235' title='bbox 902 3867 968 3938; x_wconf 82' lang='lat' dir='ltr'>Vgl.</span> <span class='ocrx_word' id='word_1_236' title='bbox 987 3867 1017 3921; x_wconf 88' lang='lat' dir='ltr'><strong><em>in</em></strong></span> <span class='ocrx_word' id='word_1_237' title='bbox 1034 3867 1121 3923; x_wconf 74' lang='lat' dir='ltr'><strong>Exod.</strong></span> <span class='ocrx_word' id='word_1_238' title='bbox 1134 3867 1215 3924; x_wconf 88' lang='lat' dir='ltr'><strong>Hom.</strong></span> <span class='ocrx_word' id='word_1_239' title='bbox 1227 3869 1278 3935; x_wconf 80' lang='lat'><strong><em>2,1</em></strong></span> <span class='ocrx_word' id='word_1_240' title='bbox 1296 3867 1382 3937; x_wconf 62' lang='lat'>(1109,</span> <span class='ocrx_word' id='word_1_241' title='bbox 1395 3869 1450 3935; x_wconf 63' lang='lat' dir='ltr'><strong><em>lm:</em></strong></span> <span class='ocrx_word' id='word_1_242' title='bbox 1469 3884 1549 3938; x_wconf 74' lang='lat' dir='ltr'>saepe</span> <span class='ocrx_word' id='word_1_243' title='bbox 1561 3868 1652 3922; x_wconf 76' lang='grc' dir='ltr'><strong><em>οείευ-</em></strong></span> 
     </span>
     <span class='ocr_line' id='line_1_28' title="bbox 343 3951 1653 4024; baseline -0.002 -18"><span class='ocrx_word' id='word_1_244' title='bbox 343 3951 431 4006; x_wconf 82' lang='lat' dir='ltr'><strong>dimus</strong></span> <span class='ocrx_word' id='word_1_245' title='bbox 450 3951 632 4022; x_wconf 69' lang='lat' dir='ltr'><strong><em>disputantes,</em></strong></span> <span class='ocrx_word' id='word_1_246' title='bbox 661 3951 735 4020; x_wconf 89' lang='lat' dir='ltr'>quod</span> <span class='ocrx_word' id='word_1_247' title='bbox 757 3951 787 4005; x_wconf 86' lang='lat' dir='ltr'><strong><em>in</em></strong></span> <span class='ocrx_word' id='word_1_248' title='bbox 808 3951 917 4006; x_wconf 73' lang='lat' dir='ltr'><strong>feminis</strong></span> <span class='ocrx_word' id='word_1_249' title='bbox 935 3969 998 4007; x_wconf 80' lang='lat' dir='ltr'><strong>earo</strong></span> <span class='ocrx_word' id='word_1_250' title='bbox 1017 3956 1046 4008; x_wconf 78' lang='lat' dir='ltr'><strong><em>et</em></strong></span> <span class='ocrx_word' id='word_1_251' title='bbox 1062 3955 1176 4008; x_wconf 78' lang='lat' dir='ltr'><strong>affectus</strong></span> <span class='ocrx_word' id='word_1_252' title='bbox 1194 3954 1283 4006; x_wconf 76' lang='lat' dir='ltr'><strong>earnis</strong></span> <span class='ocrx_word' id='word_1_253' title='bbox 1300 3953 1472 4024; x_wconf 74' lang='lat' dir='ltr'><strong>designatur,</strong></span> <span class='ocrx_word' id='word_1_254' title='bbox 1499 3951 1542 4005; x_wconf 75' lang='lat' dir='ltr'><strong><em>vir</em></strong></span> <span class='ocrx_word' id='word_1_255' title='bbox 1558 3953 1653 4006; x_wconf 69' lang='lat' dir='ltr'><strong>autem</strong></span> 
     </span>
     <span class='ocr_line' id='line_1_29' title="bbox 342 4035 1653 4108; baseline -0.002 -18"><span class='ocrx_word' id='word_1_256' title='bbox 342 4036 515 4093; x_wconf 73' lang='lat' dir='ltr'><strong>rationabilis</strong></span> <span class='ocrx_word' id='word_1_257' title='bbox 533 4053 626 4091; x_wconf 75' lang='lat' dir='ltr'>sensus</span> <span class='ocrx_word' id='word_1_258' title='bbox 645 4039 673 4090; x_wconf 76' lang='lat' dir='ltr'><strong><em>ei</em></strong></span> <span class='ocrx_word' id='word_1_259' title='bbox 689 4035 886 4091; x_wconf 72' lang='lat' dir='ltr'><strong>intellectualis</strong></span> <span class='ocrx_word' id='word_1_260' title='bbox 903 4037 940 4092; x_wconf 75' lang='lat' dir='ltr'><strong><em>sii</em></strong></span> <span class='ocrx_word' id='word_1_261' title='bbox 958 4037 1068 4108; x_wconf 73' lang='lat' dir='ltr'><strong><em>spin&#39;Ius</em></strong></span> <span class='ocrx_word' id='word_1_262' title='bbox 1086 4078 1152 4094; x_wconf 86' lang='lat'>....</span> <span class='ocrx_word' id='word_1_263' title='bbox 1171 4039 1245 4092; x_wconf 84' lang='lat' dir='ltr'><strong>hunc</strong></span> <span class='ocrx_word' id='word_1_264' title='bbox 1262 4037 1322 4092; x_wconf 76' lang='lat' dir='ltr'><strong>odit</strong></span> <span class='ocrx_word' id='word_1_265' title='bbox 1337 4038 1453 4104; x_wconf 69' lang='lat' dir='ltr'>Pharao,</span> <span class='ocrx_word' id='word_1_266' title='bbox 1472 4053 1520 4090; x_wconf 78' lang='lat' dir='ltr'><strong><em>rex</em></strong></span> <span class='ocrx_word' id='word_1_267' title='bbox 1538 4037 1567 4090; x_wconf 80' lang='lat' dir='ltr'><strong><em>ei</em></strong></span> <span class='ocrx_word' id='word_1_268' title='bbox 1577 4035 1653 4105; x_wconf 84' lang='lat' dir='ltr'><strong>prin-</strong></span> 
     </span>
     <span class='ocr_line' id='line_1_30' title="bbox 342 4119 1655 4193; baseline -0.003 -16"><span class='ocrx_word' id='word_1_269' title='bbox 342 4139 405 4193; x_wconf 80' lang='lat' dir='ltr'>ceps</span> <span class='ocrx_word' id='word_1_270' title='bbox 422 4121 551 4192; x_wconf 75' lang='lat' dir='ltr'><strong>Aegypti,</strong></span> <span class='ocrx_word' id='word_1_271' title='bbox 574 4120 649 4175; x_wconf 80' lang='lat' dir='ltr'><strong>hunc</strong></span> <span class='ocrx_word' id='word_1_272' title='bbox 670 4121 762 4176; x_wconf 74' lang='lat' dir='ltr'><strong>necari</strong></span> <span class='ocrx_word' id='word_1_273' title='bbox 780 4121 856 4193; x_wconf 78' lang='lat' dir='ltr'><strong>cupit</strong></span> <span class='ocrx_word' id='word_1_274' title='bbox 873 4123 902 4175; x_wconf 74' lang='lat' dir='ltr'><strong><em>et</em></strong></span> <span class='ocrx_word' id='word_1_275' title='bbox 917 4122 1047 4176; x_wconf 81' lang='lat' dir='ltr'><strong>interimi.</strong></span> <span class='ocrx_word' id='word_1_276' title='bbox 1083 4123 1158 4193; x_wconf 74' lang='lat' dir='ltr'><strong>cupii</strong></span> <span class='ocrx_word' id='word_1_277' title='bbox 1175 4125 1267 4177; x_wconf 74' lang='lat' dir='ltr'>autem</span> <span class='ocrx_word' id='word_1_278' title='bbox 1286 4136 1465 4190; x_wconf 70' lang='lat' dir='ltr'>quaecunque</span> <span class='ocrx_word' id='word_1_279' title='bbox 1481 4119 1571 4174; x_wconf 73' lang='lat' dir='ltr'><strong>carnis</strong></span> <span class='ocrx_word' id='word_1_280' title='bbox 1588 4121 1655 4173; x_wconf 77' lang='lat' dir='ltr'><strong>sunt</strong></span> 
     </span>
     <span class='ocr_line' id='line_1_31' title="bbox 342 4203 1654 4276; baseline 0 -16"><span class='ocrx_word' id='word_1_281' title='bbox 342 4205 434 4261; x_wconf 80' lang='lat' dir='ltr'><strong>vivero</strong></span> <span class='ocrx_word' id='word_1_282' title='bbox 446 4207 497 4260; x_wconf 71' lang='lat' dir='ltr'><strong><em>etc.</em></strong></span> <span class='ocrx_word' id='word_1_283' title='bbox 516 4235 549 4246; x_wconf 91' lang='lat'>-</span> <span class='ocrx_word' id='word_1_284' title='bbox 568 4207 604 4261; x_wconf 92' lang='lat'><strong><em>11</em></strong></span> <span class='ocrx_word' id='word_1_285' title='bbox 625 4205 688 4276; x_wconf 82' lang='lat' dir='ltr'><strong>Vgl.</strong></span> <span class='ocrx_word' id='word_1_286' title='bbox 703 4205 805 4262; x_wconf 79' lang='lat' dir='ltr'><strong>Homer</strong></span> <span class='ocrx_word' id='word_1_287' title='bbox 817 4205 866 4260; x_wconf 89' lang='lat' dir='ltr'><strong><em>Od.</em></strong></span> <span class='ocrx_word' id='word_1_288' title='bbox 879 4205 939 4270; x_wconf 86' lang='lat' dir='ltr'><strong><em>xn,</em></strong></span> <span class='ocrx_word' id='word_1_289' title='bbox 952 4205 1018 4262; x_wconf 82' lang='lat' dir='ltr'>39ff.</span> <span class='ocrx_word' id='word_1_290' title='bbox 1031 4236 1065 4244; x_wconf 96' lang='lat'><em>-</em></span> <span class='ocrx_word' id='word_1_291' title='bbox 1079 4207 1114 4264; x_wconf 80' lang='grc'><strong><em>11</em></strong></span> <span class='ocrx_word' id='word_1_292' title='bbox 1136 4205 1198 4276; x_wconf 84' lang='lat' dir='ltr'><strong>Vgl.</strong></span> <span class='ocrx_word' id='word_1_293' title='bbox 1211 4208 1295 4260; x_wconf 79' lang='lat' dir='ltr'>Amos</span> <span class='ocrx_word' id='word_1_294' title='bbox 1307 4205 1331 4273; x_wconf 86' lang='grc'><strong><em>8,</em></strong></span> <span class='ocrx_word' id='word_1_295' title='bbox 1344 4207 1385 4260; x_wconf 93' lang='grc'><strong><em>11.</em></strong></span> <span class='ocrx_word' id='word_1_296' title='bbox 1397 4235 1430 4246; x_wconf 88' lang='grc'>-</span> <span class='ocrx_word' id='word_1_297' title='bbox 1444 4204 1482 4261; x_wconf 78' lang='lat'><strong><em>25</em></strong></span> <span class='ocrx_word' id='word_1_298' title='bbox 1500 4204 1577 4258; x_wconf 70' lang='lat' dir='ltr'>Rom.</span> <span class='ocrx_word' id='word_1_299' title='bbox 1590 4203 1616 4268; x_wconf 89' lang='grc'><strong><em>9,</em></strong></span> <span class='ocrx_word' id='word_1_300' title='bbox 1627 4207 1654 4260; x_wconf 93' lang='grc'><strong><em>4.</em></strong></span> 
     </span>
    </p>
   </div>
   <div class='ocr_carea' id='block_1_13' title="bbox 342 4363 1657 4697">
    <p class='ocr_par' dir='ltr' id='par_1_14' title="bbox 342 4363 1657 4697">
     <span class='ocr_line' id='line_1_32' title="bbox 428 4363 1653 4444; baseline 0.001 -16"><span class='ocrx_word' id='word_1_301' title='bbox 428 4373 444 4428; x_wconf 97' lang='grc'>1</span> <span class='ocrx_word' id='word_1_302' title='bbox 457 4374 555 4442; x_wconf 72' lang='grc' dir='ltr'><strong><em>λδθειν</em></strong></span> <span class='ocrx_word' id='word_1_303' title='bbox 569 4390 585 4427; x_wconf 93' lang='grc' dir='ltr'><strong><em>ο</em></strong></span> <span class='ocrx_word' id='word_1_304' title='bbox 601 4374 605 4441; x_wconf 85' lang='grc' dir='ltr'>Ι</span> <span class='ocrx_word' id='word_1_305' title='bbox 621 4373 639 4428; x_wconf 76' lang='lat'><strong>2</strong></span> <span class='ocrx_word' id='word_1_306' title='bbox 653 4371 775 4442; x_wconf 84' lang='grc' dir='ltr'><strong><em>τδςκο</em></strong></span> <span class='ocrx_word' id='word_1_307' title='bbox 787 4398 789 4442; x_wconf 58' lang='lat' dir='ltr'>I</span> <span class='ocrx_word' id='word_1_308' title='bbox 801 4371 932 4440; x_wconf 86' lang='grc' dir='ltr'><strong><em>ἀκούσεις</em></strong></span> <span class='ocrx_word' id='word_1_309' title='bbox 944 4393 959 4428; x_wconf 91' lang='grc' dir='ltr'><strong><em>ο</em></strong></span> <span class='ocrx_word' id='word_1_310' title='bbox 971 4377 972 4429; x_wconf 66' lang='lat' dir='ltr'><strong>i</strong></span> <span class='ocrx_word' id='word_1_311' title='bbox 984 4375 1002 4430; x_wconf 85' lang='grc' dir='ltr'><strong><em>δ</em></strong></span> <span class='ocrx_word' id='word_1_312' title='bbox 1014 4370 1232 4444; x_wconf 78' lang='grc' dir='ltr'><strong><em>ἐκτεθηλυμένοι</em></strong></span> <span class='ocrx_word' id='word_1_313' title='bbox 1245 4391 1260 4428; x_wconf 83' lang='grc' dir='ltr'><strong><em>ο</em></strong></span> <span class='ocrx_word' id='word_1_314' title='bbox 1272 4375 1274 4437; x_wconf 89' lang='lat'>!</span> <span class='ocrx_word' id='word_1_315' title='bbox 1290 4375 1303 4429; x_wconf 82' lang='grc'><strong>7</strong></span> <span class='ocrx_word' id='word_1_316' title='bbox 1319 4368 1347 4430; x_wconf 82' lang='grc' dir='ltr'><strong><em>οἳ</em></strong></span> <span class='ocrx_word' id='word_1_317' title='bbox 1359 4373 1370 4426; x_wconf 93' lang='grc'>1</span> <span class='ocrx_word' id='word_1_318' title='bbox 1382 4363 1416 4428; x_wconf 86' lang='grc' dir='ltr'><strong><em>οὗ</em></strong></span> <span class='ocrx_word' id='word_1_319' title='bbox 1428 4390 1444 4428; x_wconf 88' lang='grc' dir='ltr'><strong><em>ο</em></strong></span> <span class='ocrx_word' id='word_1_320' title='bbox 1456 4369 1490 4428; x_wconf 81' lang='grc' dir='ltr'><strong><em>οὐ</em></strong></span> <span class='ocrx_word' id='word_1_321' title='bbox 1502 4389 1518 4429; x_wconf 93' lang='grc' dir='ltr'><strong><em>ο</em></strong></span> <span class='ocrx_word' id='word_1_322' title='bbox 1530 4373 1533 4442; x_wconf 79' lang='grc' dir='ltr'><strong><em>ί</em></strong></span> <span class='ocrx_word' id='word_1_323' title='bbox 1547 4374 1565 4430; x_wconf 81' lang='grc' dir='ltr'>Β</span> <span class='ocrx_word' id='word_1_324' title='bbox 1577 4371 1653 4442; x_wconf 76' lang='grc' dir='ltr'><strong><em>τοὺς]</em></strong></span> 
     </span>
     <span class='ocr_line' id='line_1_33' title="bbox 342 4448 1656 4531; baseline -0.001 -19"><span class='ocrx_word' id='word_1_325' title='bbox 342 4454 392 4522; x_wconf 86' lang='grc' dir='ltr'><strong><em>τὰς</em></strong></span> <span class='ocrx_word' id='word_1_326' title='bbox 411 4475 427 4511; x_wconf 93' lang='lat' dir='ltr'>o</span> <span class='ocrx_word' id='word_1_327' title='bbox 448 4457 453 4525; x_wconf 94' lang='grc'>1</span> <span class='ocrx_word' id='word_1_328' title='bbox 474 4456 511 4512; x_wconf 97' lang='grc'><strong><em>11</em></strong></span> <span class='ocrx_word' id='word_1_329' title='bbox 531 4448 624 4527; x_wconf 79' lang='grc' dir='ltr'><strong><em>αὗται]</em></strong></span> <span class='ocrx_word' id='word_1_330' title='bbox 644 4454 725 4514; x_wconf 75' lang='grc' dir='ltr'><strong><em>αὐτοὶ</em></strong></span> <span class='ocrx_word' id='word_1_331' title='bbox 745 4457 922 4526; x_wconf 76' lang='grc' dir='ltr'><strong><em>ο1ο112ί18</em></strong></span> <span class='ocrx_word' id='word_1_332' title='bbox 941 4455 968 4514; x_wconf 82' lang='lat' dir='ltr'><strong><em>oi</em></strong></span> <span class='ocrx_word' id='word_1_333' title='bbox 986 4457 1147 4531; x_wconf 85' lang='grc' dir='ltr'><strong><em>δράκοντες]</em></strong></span> <span class='ocrx_word' id='word_1_334' title='bbox 1166 4468 1200 4519; x_wconf 96' lang='grc'>&lt;</span> <span class='ocrx_word' id='word_1_335' title='bbox 1218 4477 1233 4514; x_wconf 93' lang='lat' dir='ltr'>o</span> <span class='ocrx_word' id='word_1_336' title='bbox 1259 4463 1262 4527; x_wconf 94' lang='grc' dir='ltr'>Ι</span> <span class='ocrx_word' id='word_1_337' title='bbox 1288 4459 1323 4514; x_wconf 78' lang='grc'><strong><em>16</em></strong></span> <span class='ocrx_word' id='word_1_338' title='bbox 1345 4453 1484 4529; x_wconf 76' lang='grc' dir='ltr'><strong><em>ἀγόμενοι</em></strong></span> <span class='ocrx_word' id='word_1_339' title='bbox 1501 4473 1517 4511; x_wconf 90' lang='grc' dir='ltr'><strong><em>ο</em></strong></span> <span class='ocrx_word' id='word_1_340' title='bbox 1536 4459 1540 4524; x_wconf 76' lang='lat' dir='ltr'>l</span> <span class='ocrx_word' id='word_1_341' title='bbox 1562 4457 1599 4514; x_wconf 82' lang='grc'><strong><em>11</em></strong></span> <span class='ocrx_word' id='word_1_342' title='bbox 1620 4455 1656 4512; x_wconf 77' lang='grc' dir='ltr'><strong><em>οὐ</em></strong></span> 
     </span>
     <span class='ocr_line' id='line_1_34' title="bbox 342 4537 1657 4616; baseline -0.002 -20"><span class='ocrx_word' id='word_1_343' title='bbox 342 4540 447 4612; x_wconf 84' lang='grc' dir='ltr'><strong><em>χόρτου</em></strong></span> <span class='ocrx_word' id='word_1_344' title='bbox 466 4557 481 4594; x_wconf 85' lang='grc' dir='ltr'><strong><em>ο</em></strong></span> <span class='ocrx_word' id='word_1_345' title='bbox 498 4537 550 4612; x_wconf 77' lang='grc' dir='ltr'><strong><em>οὐχ</em></strong></span> <span class='ocrx_word' id='word_1_346' title='bbox 567 4538 656 4614; x_wconf 81' lang='grc' dir='ltr'><strong><em>ἀρτου</em></strong></span> <span class='ocrx_word' id='word_1_347' title='bbox 674 4561 690 4598; x_wconf 94' lang='grc' dir='ltr'><strong><em>ο</em></strong></span> <span class='ocrx_word' id='word_1_348' title='bbox 714 4543 718 4610; x_wconf 96' lang='grc' dir='ltr'>Ι</span> <span class='ocrx_word' id='word_1_349' title='bbox 740 4543 775 4598; x_wconf 87' lang='grc'><strong><em>18</em></strong></span> <span class='ocrx_word' id='word_1_350' title='bbox 801 4543 861 4612; x_wconf 82' lang='grc' dir='ltr'><strong><em>τοῦ]</em></strong></span> <span class='ocrx_word' id='word_1_351' title='bbox 879 4541 945 4608; x_wconf 80' lang='grc' dir='ltr'><strong><em>τοὺς</em></strong></span> <span class='ocrx_word' id='word_1_352' title='bbox 963 4561 979 4599; x_wconf 94' lang='lat'>0</span> <span class='ocrx_word' id='word_1_353' title='bbox 1002 4545 1005 4606; x_wconf 78' lang='grc' dir='ltr'><strong><em>ί</em></strong></span> <span class='ocrx_word' id='word_1_354' title='bbox 1025 4544 1060 4599; x_wconf 85' lang='grc' dir='ltr'><strong><em>Ῑθ</em></strong></span> <span class='ocrx_word' id='word_1_355' title='bbox 1078 4541 1285 4616; x_wconf 79' lang='grc' dir='ltr'><strong><em>προφητεδεται</em></strong></span> <span class='ocrx_word' id='word_1_356' title='bbox 1303 4543 1392 4610; x_wconf 75' lang='grc'>0121</span> <span class='ocrx_word' id='word_1_357' title='bbox 1409 4537 1577 4614; x_wconf 77' lang='grc' dir='ltr'><strong><em>ιΙστορυαῖνς]</em></strong></span> <span class='ocrx_word' id='word_1_358' title='bbox 1597 4557 1657 4596; x_wconf 86' lang='lat' dir='ltr'><strong>vor·</strong></span> 
     </span>
     <span class='ocr_line' id='line_1_35' title="bbox 343 4621 1042 4697; baseline 0.006 -19"><span class='ocrx_word' id='word_1_359' title='bbox 343 4625 392 4679; x_wconf 79' lang='lat' dir='ltr'><strong><em>her</em></strong></span> <span class='ocrx_word' id='word_1_360' title='bbox 410 4631 460 4680; x_wconf 86' lang='grc' dir='ltr'><strong><em>τοῦ</em></strong></span> <span class='ocrx_word' id='word_1_361' title='bbox 478 4621 566 4682; x_wconf 78' lang='grc' dir='ltr'><strong><em>αὐτοῦ</em></strong></span> <span class='ocrx_word' id='word_1_362' title='bbox 583 4630 610 4680; x_wconf 77' lang='grc' dir='ltr'><strong><em>οι</em></strong></span> <span class='ocrx_word' id='word_1_363' title='bbox 631 4643 750 4697; x_wconf 76' lang='lat' dir='ltr'><strong>anonym</strong></span> <span class='ocrx_word' id='word_1_364' title='bbox 768 4628 821 4684; x_wconf 81' lang='lat'><strong><em>0*0</em></strong></span> <span class='ocrx_word' id='word_1_365' title='bbox 836 4628 840 4694; x_wconf 94' lang='grc'>1</span> <span class='ocrx_word' id='word_1_366' title='bbox 856 4623 975 4684; x_wconf 79' lang='grc' dir='ltr'><strong><em>ἐλεεινοί</em></strong></span> <span class='ocrx_word' id='word_1_367' title='bbox 992 4627 1042 4682; x_wconf 83' lang='grc' dir='ltr'><strong><em>Βα.</em></strong></span> 
     </span>
    </p>
   </div>
   <div class='ocr_carea' id='block_1_14' title="bbox 0 0 1846 5566">
    <p class='ocr_par' dir='ltr' id='par_1_15' title="bbox 0 0 1846 5566">
     <span class='ocr_line' id='line_1_36' title="bbox 0 0 1846 5566; baseline 0 0"><span class='ocrx_word' id='word_1_368' title='bbox 0 0 1846 5566; x_wconf 95' lang='lat' dir='ltr'><strong><em> </em></strong></span> 
     </span>
    </p>
   </div>
  </div>
 </body>
</html>
