3694 5542
546 457 597 514 nie
614 459 778 530 Fragmenta
795 476 844 514 aun
861 460 910 515 der
927 459 1193 531 Prophetenkatene„
1461 435 1531 530 201Ι

217 620 367 713 Ἰσραὴλ
402 617 549 712 ῥάβδος
584 631 857 713 κληρονομίας
892 619 1028 706 αὐτοῦ,
1066 626 1184 710 εἴληφε
1214 628 1249 693 δὲ
1279 629 1334 691 καὶ
1365 621 1407 694 τά
1437 622 1523 710 ἔθνη

216 730 447 813 κληρονομίαν
475 722 564 794 κατά
593 718 634 793 τὸ
668 726 819 811 »αἴτησαι
848 719 929 810 παρ’
950 727 1045 812 ἐμοῦ,
1071 727 1127 794 καὶ
1153 722 1255 794 δώσω
1278 745 1330 794 σοι
1352 724 1437 810 ἔθνη
1460 719 1524 810 τὴν

218 828 449 912 κληρονομίαν
470 845 562 906 σουι,
585 825 679 894 ἔσται
699 827 755 892 καί
777 820 820 892 τά
842 823 927 912 ἔθνη
947 817 1083 911 Ἰσραήλ.

623 1091 681 1159 Nr.
702 1091 772 1160 VIL
813 1092 1118 1172 Jerem11‚11.12.

183 1255 200 1308 5
301 1244 366 1328 (34)
390 1233 425 1308 ‘0
450 1244 511 1325 μὲν
537 1237 619 1320 θεὸς
647 1245 786 1322 δικαίως
807 1235 879 1309 οὐκ
901 1235 1039 1310 άκοάει
1062 1247 1136 1312 τῶν
1156 1239 1201 1329 μὴ
1224 1235 1448 1313 ἀκουσάντων
1469 1234 1525 1309 αὖ·
1546 1259 1596 1314 291

219 1345 294 1410 τοῦ·
323 1341 356 1409 οί
386 1342 422 1408 δὲ
452 1343 608 1426 δαίμονες
636 1337 677 1409 τὸ
708 1344 839 1409 δίκαιον
869 1343 992 1408 σῶσαι
1019 1356 1091 1420 τοῖς
1117 1337 1366 1430 θυμιάσαοιν
1388 1336 1526 1420 αὐτοῖς

218 1467 259 1509 ου
250 1430 542 1527 ’δυνήσονταα
522 1465 608 1509 οταν
635 1433 815 1525 δκαιρὸς
837 1443 920 1508 τῶν
945 1445 1080 1509 κακῶν
1107 1441 1246 1526 ἐπέλθῃ.
1290 1433 1376 1510 ὅταν
1398 1465 1460 1509 ουν
1480 1465 1525 1527 μη

218 1534 389 1624 ἐπακούσῃ
420 1535 517 1622 θεὸς,
550 1535 664 1609 δεινὸν
695 1536 737 1608 τὸ
768 1545 881 1625 ζητεῖν
910 1535 1002 1624 παρὰ
1033 1533 1208 1627 δαιμόνων
1237 1535 1408 1660 60666611.
1451 1533 1525 1609 ἄλλ’

219 1642 390 1726 έξέγεσθαι
413 1643 464 1707 δεῖ
483 1642 578 1722 θεοῦ,
601 1635 655 1708 διὰ
671 1667 715 1708 τα
702 1631 945 1726 ἡμαρτημένα
960 1633 1247 1758 ἀπεστραμμένου,
1264 1637 1329 1727 τὴν
1344 1643 1379 1709 δὲ
1393 1625 1530 1726 πολλὴν

167 1749 201 1804 10
217 1731 269 1808 ἐπ
293 1730 400 1806 αὐτὸν
421 1743 476 1806 καί
498 1739 662 1824 ἐπίμονον
683 1735 885 1826 καταφυγὴν
906 1737 966 1824 οὐχ
987 1733 1235 1825 δπερορωντος.

613 2006 670 2073 Nr.
691 2005 776 2072 VIII.
820 2006 935 2072 Jerem.
952 2013 997 2086 11,
1015 2015 1052 2074 14
1067 2008 1142 2091 (11).

302 2159 367 2243 (35)
399 2149 469 2224 Οὔκ
491 2152 598 2226 εἶπεν·
621 2147 693 2225 οάκ
719 2151 1003 2242 είσακοάσομαί
1029 2177 1103 2238 σου,
1126 2149 1198 2224 ἀλλ’
1221 2150 1374 2237 αὐτῶν,
1397 2152 1528 2236 δεικνὺς

219 2245 274 2323 ὅτι
297 2260 352 2324 καί
375 2248 459 2325 τότε
479 2250 749 2342 μετανοούντων
780 2250 842 2323 ἐάν
868 2249 1007 2340 αἰτήσῃς
1029 2249 1114 2343 ὑπὲρ
1137 2250 1262 2337 αὐτῶν,
1286 2251 1526 2342 είσακοάσομαι.

654 2523 711 2589 Nr.
732 2522 785 2590 lx„
825 2523 940 2589 Jerem.
958 2532 1006 2604 15,
1020 2531 1048 2593 6.
1064 2533 1091 2592 1.

165 2697 198 2751 15
299 2675 364 2760 (46)
403 2670 469 2760 Τὴν
497 2667 737 2759 έγκατάλειιμιν
771 2673 940 2757 ἐνέργειαν
975 2669 1060 2741 είπε·
1094 2669 1177 2754 θεὸς
1213 2669 1276 2761 γὰρ
1308 2673 1430 2743 ἑαυτοῦ
1462 2669 1527 2762 τὴν
1548 2688 1599 2744 293

216 2769 345 2861 σκηνὴν
371 2775 524 2860 ἐπαίρων
550 2775 682 2858 λέγεται
710 2775 973 2856 διαφθείρειν.
1015 2767 1129 2854 άλλως
1156 2798 1193 2840 τε
1218 2769 1425 2859 διαφθορά
1449 2798 1526 2860 γει-

217 2867 285 2957 ρὸς
306 2867 382 2956 άξία
403 2876 488 2941 θεοῦ
510 2863 531 2958 6
553 2863 621 2941 άπὸ
643 2874 761 2952 κακίας
781 2870 827 2950 είς
846 2863 971 2958 άρετὴν
985 2876 1204 2960 μεταποίησις
1218 2869 1305 2940 κατὰ
1321 2866 1363 2941 τὸ
1381 2874 1526 2942 »ἐποίσω

216 2975 271 3042 ίπὶ
301 2975 337 3040 σὲ
368 2965 430 3052 τάς
457 2964 570 3058 χεῖράς
591 2996 673 3057 μου,
699 2975 755 3040 καὶ
776 2966 927 3056 πυρώσω
950 2991 985 3038 σε
1007 2974 1053 3052 είς
1074 2963 1264 3056 καθορὸνι,
1292 2975 1367 3040 τῶν
1387 2977 1468 3058 πρὶν
1489 2974 1526 3042 ἐν

217 3065 296 3158 ἡμῖν
331 3073 368 3156 ἐξ
402 3064 566 3158 άμαρτίας
600 3064 764 3156 λυμάτων
796 3073 1066 3157 διεφθαρμένων.
1113 3072 1178 3157 (47)
1205 3073 1369 3141 τοιοῦτον
1397 3077 1454 3139 καὶ
1485 3067 1526 3139 τὸ

163 3174 420 3258 αοδιασπερῶ
448 3164 629 3251 αὐτοάςι.
671 3171 743 3238 ἐπεί
774 3165 836 3256 γάρ
866 3166 1059 3256 συμφώνως
1094 3161 1258 3258 ἠσέβησαν
1288 3172 1336 3252 είς
1365 3173 1435 3258 ἐμέ,
1461 3167 1528 3260 τὴν

215 3277 379 3358 κακίστην
406 3263 523 3340 αὐτῶν
550 3263 757 3340 διασκεδάσω
782 3263 928 3339 σάνοδόν
954 3273 1067 3338 τεκαὶ
1089 3274 1304 3356 συμφωνίαν,
1328 3265 1443 3358 ὥσπερ
1465 3261 1528 3341 οὖν

216 3377 271 3440 καὶ
299 3376 372 3440 τῶν
397 3364 706 3456 πυργοποιοάντων
732 3371 833 3439 διεῖλε
867 3365 927 3448 τὰς
956 3364 1123 3454 γλωσσας,
1153 3365 1309 3450 κωλύσας
1339 3364 1527 3458 αὐξομένην

216 3474 469 3560 συμφωνοῦσαν
498 3463 660 3548 άσίβειαν.
712 3464 754 3536 τὸ
790 3471 826 3535 δὲ
862 3462 1167 3556 ἧτεκναίίίησαν,
1205 3463 1420 3540 άπάλεσαν
1454 3466 1527 3538 τὸν

216 3567 316 3642 λαόν
348 3595 423 3658 μου
453 3572 661 3655 κατηγορίαν
690 3573 764 3636 τῶν
789 3561 970 3654 άρχόντων
997 3567 1062 3652 ἔχει
1087 3571 1142 3634 καί
1169 3594 1244 3637 των
1265 3570 1398 3656 ίερέων·
1430 3558 1528 3638 οὗτοι

163 3687 198 3742 25
216 3667 343 3758 γάρν
307 3671 343 3738 έν
376 3664 468 3754 τάξει
498 3659 708 3753 πατίρων“
687 3661 897 3752 υπάργοντες
928 3682 1001 3746 τοῖς
1031 3667 1169 3747 λαοτς”
1153 3692 1270 3754 ερημοι
1301 3673 1376 3738 τῶν
1396 3673 1529 3738 τέκνων

215 3771 391 3858 ἐγένοντο,
422 3761 487 3837 άντ
488 3759 673 3847 ἐὐσεβοῦς
705 3768 919 3845 διδασκαλίας
950 3758 1102 3849 άσέβειαν
1131 3759 1394 3852 ὑποβάλλοντες.
1442 3763 1529 3853 τάχα

215 3872 252 3938 δὲ
283 3863 404 3938 οὖδὲ”
389 3888 482 3936 εστιν
504 3859 701 3936 ἀπολέσαι
730 3861 829 3983 λμὸν
854 3861 899 3952 μὴ
921 3859 1091 3951 πρότερον
1113 3864 1237 3935 ἑαυτοῦ
1256 3865 1322 3954 τὴν
1343 3864 1527 3980 ψυχὴνέκ-

216 3959 440 4086 γεννημάτων
470 3970 544 4034 τῶν
572 3957 647 4033 κατ’
669 3957 795 4051 άρετὴν
822 3959 1126 4033 άτεκνάσαντα·
1155 3959 1265 4055 ου’δεὶς
1290 3961 1353 4054 γάρ
1375 3991 1427 4034 ων
1448 3960 1526 4052 άγα-

215 4062 282 4145 δὸς
304 4058 496 4135 άπόλλυσιν
518 4061 644 4149 ἕτερον.

301 4267 412 4324 2Psal.
430 4269 455 4333 2,
473 4267 498 4322 8.
516 4297 548 4306 —
569 4267 605 4322 1⁷
625 4266 679 4320 ίεα
698 4267 721 4331 1,
740 4267 781 4322 25.
800 4293 831 4304 -
850 4265 889 4320 22
909 4264 974 4335 Vgl.
993 4266 1061 4321 Gen.
1080 4269 1120 4331 11,
1139 4269 1163 4322 7.
1180 4267 1198 4322 8
1216 4265 1289 4338 -ng
1307 4267 1387 4323 Hom.
1401 4269 1441 4332 12,
1458 4268 1483 4322 3.
1500 4271 1524 4320 4.

301 4453 321 4510 ὅ
339 4444 378 4522 Ὁ]
396 4467 517 4520 anonym
535 4468 580 4506 am
593 4437 748 4520 Δαίτορά.
766 4449 839 4505 seito
856 4466 873 4503 o
892 4450 898 4518 Ι
914 4449 954 4506 10
970 4432 1173 4521 ίαιερορωντάς
1191 4469 1207 4506 ο
1227 4453 1232 4519 Ι
1254 4452 1289 4506 1³
1305 4457 1466 4519 μετανοοῦν
1484 4468 1500 4505 o
1521 4453 1523 4514 1

217 4538 254 4596 111
270 4533 363 4602 ἄλλως
380 4536 420 4606 τε]
438 4529 500 4592 ἀλλ’
517 4527 563 4591 ὥσ
578 4553 609 4592 τε
626 4536 662 4602 ol
679 4534 718 4591 19
736 4531 892 4603 λημμάτων
909 4551 924 4587 ο
944 4536 948 4601 Ι
969 4534 1006 4588 2⁰
1024 4535 1176 4604 σομφδνως
1193 4533 1234 4600 είς
1251 4532 1302 4604 ἐμὲ
1320 4531 1468 4607 είσίβησαν
1485 4553 1501 4590 ο
1521 4539 1523 4587 Ι

216 4621 256 4684 28
275 4619 471 4692 διεκνδδησαν
489 4619 577 4688 0127
598 4617 679 4676 οὐδὲν
697 4619 789 4686 0128
806 4617 873 4686 τῶν]
891 4627 924 4678 <
942 4637 967 4674 ο,
