<?xml version="1.0" encoding="UTF-8"?>
<!DOCTYPE html PUBLIC "-//W3C//DTD XHTML 1.0 Transitional//EN"
    "http://www.w3.org/TR/xhtml1/DTD/xhtml1-transitional.dtd">
<html xmlns="http://www.w3.org/1999/xhtml" xml:lang="en" lang="en">
 <head>
  <title>
</title>
<meta http-equiv="Content-Type" content="text/html;charset=utf-8" />
  <meta name='ocr-system' content='tesseract 3.04.00' />
  <meta name='ocr-capabilities' content='ocr_page ocr_carea ocr_par ocr_line ocrx_word'/>
</head>
<body>
  <div class='ocr_page' id='page_1' title='image "./diegriechischen01unkngoog/diegriechischen01unkngoog_0100.png"; bbox 0 0 3702 5540; ppageno 0'>
   <div class='ocr_carea' id='block_1_1' title="bbox 683 395 1585 465">
    <p class='ocr_par' dir='ltr' id='par_1_1' title="bbox 683 395 1585 465">
     <span class='ocr_line' id='line_1_1' title="bbox 683 395 1585 465; baseline -0.007 -13"><span class='ocrx_word' id='word_1_1' title='bbox 683 397 805 452; x_wconf 84' lang='lat' dir='ltr'><strong>Homilie</strong></span> <span class='ocrx_word' id='word_1_2' title='bbox 822 396 854 450; x_wconf 90' lang='lat' dir='ltr'><strong><em>V.</em></strong></span> <span class='ocrx_word' id='word_1_3' title='bbox 890 399 987 453; x_wconf 76' lang='lat' dir='ltr'><strong>Jerem.</strong></span> <span class='ocrx_word' id='word_1_4' title='bbox 1005 399 1029 464; x_wconf 87' lang='lat'><strong><em>3,</em></strong></span> <span class='ocrx_word' id='word_1_5' title='bbox 1047 395 1139 457; x_wconf 83' lang='grc'><strong><em>22-4,</em></strong></span> <span class='ocrx_word' id='word_1_6' title='bbox 1157 396 1181 450; x_wconf 89' lang='grc'><strong><em>8.</em></strong></span> <span class='ocrx_word' id='word_1_7' title='bbox 1544 403 1585 465; x_wconf 86' lang='grc'><strong><em>39</em></strong></span> 
     </span>
    </p>
   </div>
   <div class='ocr_carea' id='block_1_2' title="bbox 182 555 1698 3957">
    <p class='ocr_par' dir='ltr' id='par_1_2' title="bbox 219 555 1655 949">
     <span class='ocr_line' id='line_1_2' title="bbox 219 555 1583 650; baseline 0.002 -24"><span class='ocrx_word' id='word_1_8' title='bbox 219 623 223 626; x_wconf 88' lang='grc'>.</span> <span class='ocrx_word' id='word_1_9' title='bbox 276 589 372 643; x_wconf 88' lang='grc' dir='ltr'><strong><em>τινος</em></strong></span> <span class='ocrx_word' id='word_1_10' title='bbox 393 565 558 631; x_wconf 77' lang='grc' dir='ltr'><strong><em>ἐπίκειται</em></strong></span> <span class='ocrx_word' id='word_1_11' title='bbox 578 557 733 650; x_wconf 81' lang='grc' dir='ltr'><strong><em>κάλυμμα</em></strong></span> <span class='ocrx_word' id='word_1_12' title='bbox 754 555 851 650; x_wconf 83' lang='grc' dir='ltr'><strong><em>ἡμῶν</em></strong></span> <span class='ocrx_word' id='word_1_13' title='bbox 873 563 928 632; x_wconf 86' lang='grc' dir='ltr'><strong><em>έπὶ</em></strong></span> <span class='ocrx_word' id='word_1_14' title='bbox 952 559 991 632; x_wconf 90' lang='grc' dir='ltr'><strong><em>τὸ</em></strong></span> <span class='ocrx_word' id='word_1_15' title='bbox 1013 558 1212 648; x_wconf 90' lang='grc' dir='ltr'><strong><em>πρόσωπον.</em></strong></span> <span class='ocrx_word' id='word_1_16' title='bbox 1248 557 1302 629; x_wconf 80' lang='grc' dir='ltr'><strong><em>διὰ</em></strong></span> <span class='ocrx_word' id='word_1_17' title='bbox 1318 563 1423 629; x_wconf 82' lang='grc' dir='ltr'><strong><em>τοῦτο</em></strong></span> <span class='ocrx_word' id='word_1_18' title='bbox 1440 564 1468 628; x_wconf 87' lang='grc' dir='ltr'><strong><em>εί</em></strong></span> <span class='ocrx_word' id='word_1_19' title='bbox 1483 563 1583 629; x_wconf 87' lang='grc' dir='ltr'><strong><em>θέλο-</em></strong></span> 
     </span>
     <span class='ocr_line' id='line_1_3' title="bbox 274 655 1582 750; baseline 0 -22"><span class='ocrx_word' id='word_1_20' title='bbox 274 688 336 748; x_wconf 88' lang='grc' dir='ltr'><strong><em>μεν</em></strong></span> <span class='ocrx_word' id='word_1_21' title='bbox 362 657 629 748; x_wconf 81' lang='grc' dir='ltr'><strong><em>προσευχόμενοι</em></strong></span> <span class='ocrx_word' id='word_1_22' title='bbox 656 666 774 731; x_wconf 81' lang='grc' dir='ltr'><strong><em>εἰπεῖν·</em></strong></span> <span class='ocrx_word' id='word_1_23' title='bbox 808 660 1016 750; x_wconf 76' lang='grc' dir='ltr'><strong><em>»έσημειούθη</em></strong></span> <span class='ocrx_word' id='word_1_24' title='bbox 1042 655 1098 746; x_wconf 78' lang='grc' dir='ltr'><strong><em>ἐφ’</em></strong></span> <span class='ocrx_word' id='word_1_25' title='bbox 1122 656 1205 749; x_wconf 82' lang='grc' dir='ltr'><strong><em>ἡμᾶς</em></strong></span> <span class='ocrx_word' id='word_1_26' title='bbox 1234 658 1274 729; x_wconf 85' lang='grc' dir='ltr'><strong><em>τὸ</em></strong></span> <span class='ocrx_word' id='word_1_27' title='bbox 1297 665 1372 745; x_wconf 84' lang='grc' dir='ltr'><strong><em>φῷς</em></strong></span> <span class='ocrx_word' id='word_1_28' title='bbox 1395 664 1458 730; x_wconf 83' lang='grc' dir='ltr'><strong><em>τοῦ</em></strong></span> <span class='ocrx_word' id='word_1_29' title='bbox 1478 681 1582 748; x_wconf 91' lang='grc' dir='ltr'><strong><em>προσ-</em></strong></span> 
     </span>
     <span class='ocr_line' id='line_1_4' title="bbox 275 753 1581 850; baseline 0 -21"><span class='ocrx_word' id='word_1_30' title='bbox 275 758 376 830; x_wconf 77' lang='grc' dir='ltr'><strong><em>οἴπου</em></strong></span> <span class='ocrx_word' id='word_1_31' title='bbox 396 781 471 844; x_wconf 89' lang='grc' dir='ltr'><strong><em>σου,</em></strong></span> <span class='ocrx_word' id='word_1_32' title='bbox 497 757 621 848; x_wconf 76' lang='grc' dir='ltr'><strong><em>κύριει,</em></strong></span> <span class='ocrx_word' id='word_1_33' title='bbox 648 767 876 850; x_wconf 84' lang='grc' dir='ltr'><strong><em>περιαιρῷμεν</em></strong></span> <span class='ocrx_word' id='word_1_34' title='bbox 898 758 939 831; x_wconf 88' lang='grc' dir='ltr'><strong><em>τὸ</em></strong></span> <span class='ocrx_word' id='word_1_35' title='bbox 961 757 1118 849; x_wconf 77' lang='grc' dir='ltr'><em>κάλυμμα</em></span> <span class='ocrx_word' id='word_1_36' title='bbox 1138 766 1193 829; x_wconf 87' lang='grc' dir='ltr'><strong><em>καὶ</em></strong></span> <span class='ocrx_word' id='word_1_37' title='bbox 1215 755 1412 848; x_wconf 88' lang='grc' dir='ltr'><strong><em>ποιήσωμεν</em></strong></span> <span class='ocrx_word' id='word_1_38' title='bbox 1434 757 1475 828; x_wconf 88' lang='grc' dir='ltr'><strong><em>τὸ</em></strong></span> <span class='ocrx_word' id='word_1_39' title='bbox 1497 753 1581 829; x_wconf 88' lang='grc' dir='ltr'><strong><em>άπο-</em></strong></span> 
     </span>
     <span class='ocr_line' id='line_1_5' title="bbox 275 853 1655 949; baseline -0.001 -21"><span class='ocrx_word' id='word_1_40' title='bbox 275 857 435 931; x_wconf 87' lang='grc' dir='ltr'><strong><em>στολικὸν</em></strong></span> <span class='ocrx_word' id='word_1_41' title='bbox 465 863 574 931; x_wconf 87' lang='grc' dir='ltr'><strong><em>έκεῖνο</em></strong></span> <span class='ocrx_word' id='word_1_42' title='bbox 596 863 607 947; x_wconf 96' lang='grc' dir='ltr'><strong><em>ΙΙ</em></strong></span> <span class='ocrx_word' id='word_1_43' title='bbox 627 857 669 931; x_wconf 88' lang='grc' dir='ltr'><strong><em>τὸ</em></strong></span> <span class='ocrx_word' id='word_1_44' title='bbox 704 857 885 949; x_wconf 78' lang='grc' dir='ltr'><strong><em>»βούλομαι</em></strong></span> <span class='ocrx_word' id='word_1_45' title='bbox 917 853 979 932; x_wconf 83' lang='grc' dir='ltr'><strong><em>οὖν</em></strong></span> <span class='ocrx_word' id='word_1_46' title='bbox 1000 858 1247 947; x_wconf 78' lang='grc' dir='ltr'><strong><em>προσεύχεσθαι</em></strong></span> <span class='ocrx_word' id='word_1_47' title='bbox 1278 857 1358 942; x_wconf 87' lang='grc' dir='ltr'><strong><em>τούς</em></strong></span> <span class='ocrx_word' id='word_1_48' title='bbox 1389 857 1515 947; x_wconf 79' lang='grc' dir='ltr'><strong><em>ἄνδρας</em></strong></span> <span class='ocrx_word' id='word_1_49' title='bbox 1545 862 1582 929; x_wconf 86' lang='grc' dir='ltr'><strong><em>έν</em></strong></span> <span class='ocrx_word' id='word_1_50' title='bbox 1604 865 1655 921; x_wconf 82' lang='lat'><strong><em>155</em></strong></span> 
     </span>
    </p>

    <p class='ocr_par' dir='ltr' id='par_1_3' title="bbox 240 953 1582 1448">
     <span class='ocr_line' id='line_1_6' title="bbox 240 953 1581 1048; baseline -0.004 -16"><span class='ocrx_word' id='word_1_51' title='bbox 240 981 256 1032; x_wconf 88' lang='grc'>5</span> <span class='ocrx_word' id='word_1_52' title='bbox 274 965 379 1031; x_wconf 86' lang='grc' dir='ltr'><strong><em>παντὶ</em></strong></span> <span class='ocrx_word' id='word_1_53' title='bbox 402 954 500 1048; x_wconf 85' lang='grc' dir='ltr'><strong><em>τόπῳ</em></strong></span> <span class='ocrx_word' id='word_1_54' title='bbox 523 961 727 1046; x_wconf 78' lang='grc' dir='ltr'><strong><em>ἐπαίροντας</em></strong></span> <span class='ocrx_word' id='word_1_55' title='bbox 749 953 863 1041; x_wconf 81' lang='grc' dir='ltr'><strong><em>ὁσίους</em></strong></span> <span class='ocrx_word' id='word_1_56' title='bbox 883 976 994 1048; x_wconf 89' lang='grc' dir='ltr'><strong><em>χεῖρας</em></strong></span> <span class='ocrx_word' id='word_1_57' title='bbox 1014 965 1117 1048; x_wconf 85' lang='grc' dir='ltr'><strong><em>χωρίς</em></strong></span> <span class='ocrx_word' id='word_1_58' title='bbox 1137 954 1239 1047; x_wconf 82' lang='grc' dir='ltr'><strong><em>ὀργῆς</em></strong></span> <span class='ocrx_word' id='word_1_59' title='bbox 1253 964 1307 1026; x_wconf 87' lang='grc' dir='ltr'><strong><em>καί</em></strong></span> <span class='ocrx_word' id='word_1_60' title='bbox 1324 963 1581 1046; x_wconf 77' lang='grc' dir='ltr'><strong><em>θιαλογισμῷνι.</em></strong></span> 
     </span>
     <span class='ocr_line' id='line_1_7' title="bbox 273 1052 1581 1148; baseline -0.002 -18"><span class='ocrx_word' id='word_1_61' title='bbox 273 1059 333 1131; x_wconf 77' lang='grc' dir='ltr'><strong><em>ἐὰν</em></strong></span> <span class='ocrx_word' id='word_1_62' title='bbox 359 1066 568 1146; x_wconf 89' lang='grc' dir='ltr'><strong><em>περιέλωμεν</em></strong></span> <span class='ocrx_word' id='word_1_63' title='bbox 594 1057 659 1148; x_wconf 85' lang='grc' dir='ltr'><strong><em>τήν</em></strong></span> <span class='ocrx_word' id='word_1_64' title='bbox 686 1052 805 1147; x_wconf 82' lang='grc' dir='ltr'><strong><em>ὀργήν,</em></strong></span> <span class='ocrx_word' id='word_1_65' title='bbox 835 1066 1048 1148; x_wconf 88' lang='grc' dir='ltr'><strong><em>περιείλομεν</em></strong></span> <span class='ocrx_word' id='word_1_66' title='bbox 1075 1058 1116 1130; x_wconf 87' lang='grc' dir='ltr'><strong><em>τὸ</em></strong></span> <span class='ocrx_word' id='word_1_67' title='bbox 1137 1055 1306 1145; x_wconf 75' lang='grc' dir='ltr'><em>κάλυμμα,</em></span> <span class='ocrx_word' id='word_1_68' title='bbox 1338 1057 1396 1128; x_wconf 79' lang='grc' dir='ltr'><strong><em>ἐὰν</em></strong></span> <span class='ocrx_word' id='word_1_69' title='bbox 1418 1054 1581 1144; x_wconf 86' lang='grc' dir='ltr'><strong><em>τὰπάθη</em></strong></span> 
     </span>
     <span class='ocr_line' id='line_1_8' title="bbox 272 1151 1581 1249; baseline 0.001 -19"><span class='ocrx_word' id='word_1_70' title='bbox 272 1156 396 1230; x_wconf 84' lang='grc' dir='ltr'><strong><em>πάντα.</em></strong></span> <span class='ocrx_word' id='word_1_71' title='bbox 439 1151 522 1231; x_wconf 78' lang='grc' dir='ltr'><strong><em>ὅσον</em></strong></span> <span class='ocrx_word' id='word_1_72' title='bbox 545 1163 580 1228; x_wconf 80' lang='grc' dir='ltr'><strong><em>δὲ</em></strong></span> <span class='ocrx_word' id='word_1_73' title='bbox 603 1154 711 1229; x_wconf 81' lang='grc' dir='ltr'><strong><em>ταῦτά</em></strong></span> <span class='ocrx_word' id='word_1_74' title='bbox 733 1162 827 1231; x_wconf 78' lang='grc' dir='ltr'><strong><em>ἐστιν</em></strong></span> <span class='ocrx_word' id='word_1_75' title='bbox 848 1161 886 1230; x_wconf 78' lang='grc' dir='ltr'><strong><em>ἐν</em></strong></span> <span class='ocrx_word' id='word_1_76' title='bbox 907 1166 958 1249; x_wconf 93' lang='grc' dir='ltr'><strong><em>τῷ</em></strong></span> <span class='ocrx_word' id='word_1_77' title='bbox 981 1165 1031 1249; x_wconf 94' lang='grc' dir='ltr'><strong><em>νῷ</em></strong></span> <span class='ocrx_word' id='word_1_78' title='bbox 1055 1154 1161 1248; x_wconf 82' lang='grc' dir='ltr'><strong><em>ἡμῶν,</em></strong></span> <span class='ocrx_word' id='word_1_79' title='bbox 1184 1161 1221 1229; x_wconf 79' lang='grc' dir='ltr'><strong><em>έν</em></strong></span> <span class='ocrx_word' id='word_1_80' title='bbox 1243 1163 1294 1247; x_wconf 92' lang='grc' dir='ltr'><strong><em>τῷ</em></strong></span> <span class='ocrx_word' id='word_1_81' title='bbox 1311 1162 1458 1246; x_wconf 77' lang='grc' dir='ltr'><strong><em>λογισμῷ</em></strong></span> <span class='ocrx_word' id='word_1_82' title='bbox 1475 1152 1581 1246; x_wconf 80' lang='grc' dir='ltr'><strong><em>ἡμῶν,</em></strong></span> 
     </span>
     <span class='ocr_line' id='line_1_9' title="bbox 273 1253 1582 1348; baseline -0.004 -19"><span class='ocrx_word' id='word_1_83' title='bbox 273 1263 436 1330; x_wconf 77' lang='grc' dir='ltr'><strong><em>ἐπίκειται</em></strong></span> <span class='ocrx_word' id='word_1_84' title='bbox 451 1264 503 1347; x_wconf 89' lang='grc' dir='ltr'><strong><em>τῷ</em></strong></span> <span class='ocrx_word' id='word_1_85' title='bbox 519 1259 619 1329; x_wconf 77' lang='grc' dir='ltr'><strong><em>ἔνδον</em></strong></span> <span class='ocrx_word' id='word_1_86' title='bbox 633 1257 821 1347; x_wconf 83' lang='grc' dir='ltr'><strong><em>προσιύπῳ,</em></strong></span> <span class='ocrx_word' id='word_1_87' title='bbox 837 1262 921 1348; x_wconf 86' lang='grc' dir='ltr'><strong><em>&lt;τῷ&gt;</em></strong></span> <span class='ocrx_word' id='word_1_88' title='bbox 938 1254 1127 1348; x_wconf 81' lang='grc' dir='ltr'><strong><em>ἡγεμονικῷ</em></strong></span> <span class='ocrx_word' id='word_1_89' title='bbox 1142 1253 1249 1347; x_wconf 81' lang='grc' dir='ltr'><strong><em>ἡμῶν,</em></strong></span> <span class='ocrx_word' id='word_1_90' title='bbox 1266 1256 1307 1328; x_wconf 87' lang='grc' dir='ltr'><strong><em>τὸ</em></strong></span> <span class='ocrx_word' id='word_1_91' title='bbox 1322 1253 1477 1346; x_wconf 80' lang='grc' dir='ltr'><strong><em>κάλυμμα</em></strong></span> <span class='ocrx_word' id='word_1_92' title='bbox 1492 1253 1582 1343; x_wconf 82' lang='grc' dir='ltr'><strong><em>καὶὴ</em></strong></span> 
     </span>
     <span class='ocr_line' id='line_1_10' title="bbox 273 1353 1582 1448; baseline -0.003 -18"><span class='ocrx_word' id='word_1_93' title='bbox 273 1355 401 1447; x_wconf 88' lang='grc' dir='ltr'><strong><em>άτιμία,</em></strong></span> <span class='ocrx_word' id='word_1_94' title='bbox 432 1363 497 1430; x_wconf 84' lang='grc' dir='ltr'><strong><em>τού</em></strong></span> <span class='ocrx_word' id='word_1_95' title='bbox 522 1355 567 1445; x_wconf 90' lang='grc' dir='ltr'><strong><em>μὴ</em></strong></span> <span class='ocrx_word' id='word_1_96' title='bbox 593 1363 729 1442; x_wconf 78' lang='grc' dir='ltr'><strong><em>βλέπειν</em></strong></span> <span class='ocrx_word' id='word_1_97' title='bbox 756 1353 841 1446; x_wconf 86' lang='grc' dir='ltr'><strong><em>ἡμᾶς</em></strong></span> <span class='ocrx_word' id='word_1_98' title='bbox 867 1357 933 1448; x_wconf 87' lang='grc' dir='ltr'><strong><em>τήν</em></strong></span> <span class='ocrx_word' id='word_1_99' title='bbox 955 1356 1058 1444; x_wconf 76' lang='grc' dir='ltr'><strong><em>δόξαν</em></strong></span> <span class='ocrx_word' id='word_1_100' title='bbox 1080 1363 1144 1430; x_wconf 85' lang='grc' dir='ltr'><strong><em>τού</em></strong></span> <span class='ocrx_word' id='word_1_101' title='bbox 1165 1363 1251 1430; x_wconf 84' lang='grc' dir='ltr'><strong><em>θεοῦ</em></strong></span> <span class='ocrx_word' id='word_1_102' title='bbox 1273 1353 1480 1446; x_wconf 89' lang='grc' dir='ltr'><strong><em>λάμπουσαν.</em></strong></span> <span class='ocrx_word' id='word_1_103' title='bbox 1520 1353 1582 1428; x_wconf 88' lang='grc' dir='ltr'><strong><em>ούκ</em></strong></span> 
     </span>
    </p>

    <p class='ocr_par' dir='ltr' id='par_1_4' title="bbox 223 1451 1582 1647">
     <span class='ocr_line' id='line_1_11' title="bbox 223 1451 1582 1554; baseline -0.001 -26"><span class='ocrx_word' id='word_1_104' title='bbox 223 1474 256 1530; x_wconf 86' lang='grc'><strong><em>10</em></strong></span> <span class='ocrx_word' id='word_1_105' title='bbox 273 1461 365 1529; x_wconf 73' lang='grc' dir='ltr'><strong><em>ἔστιν</em></strong></span> <span class='ocrx_word' id='word_1_106' title='bbox 389 1452 407 1529; x_wconf 88' lang='grc' dir='ltr'><strong><em>ύ</em></strong></span> <span class='ocrx_word' id='word_1_107' title='bbox 429 1456 512 1539; x_wconf 89' lang='grc' dir='ltr'><strong><em>θεὸς</em></strong></span> <span class='ocrx_word' id='word_1_108' title='bbox 534 1451 813 1554; x_wconf 35' lang='grc' dir='ltr'><strong><em>ύιάποκρύπτων</em></strong></span> <span class='ocrx_word' id='word_1_109' title='bbox 834 1452 941 1530; x_wconf 84' lang='grc' dir='ltr'><strong><em>αύτού</em></strong></span> <span class='ocrx_word' id='word_1_110' title='bbox 962 1455 1027 1546; x_wconf 88' lang='grc' dir='ltr'><strong><em>τήν</em></strong></span> <span class='ocrx_word' id='word_1_111' title='bbox 1050 1455 1154 1544; x_wconf 77' lang='grc' dir='ltr'><strong><em>δόξαν</em></strong></span> <span class='ocrx_word' id='word_1_112' title='bbox 1176 1451 1239 1543; x_wconf 73' lang='grc' dir='ltr'><strong><em>εἶφ’</em></strong></span> <span class='ocrx_word' id='word_1_113' title='bbox 1262 1452 1369 1546; x_wconf 83' lang='grc' dir='ltr'><strong><em>ἡμῶν,</em></strong></span> <span class='ocrx_word' id='word_1_114' title='bbox 1390 1451 1471 1528; x_wconf 79' lang='grc' dir='ltr'><strong><em>ἄλλ’</em></strong></span> <span class='ocrx_word' id='word_1_115' title='bbox 1490 1451 1582 1547; x_wconf 90' lang='grc' dir='ltr'><strong><em>ἡμεῖς</em></strong></span> 
     </span>
     <span class='ocr_line' id='line_1_12' title="bbox 273 1552 1336 1647; baseline -0.003 -20"><span class='ocrx_word' id='word_1_116' title='bbox 273 1557 314 1628; x_wconf 84' lang='grc' dir='ltr'><strong><em>τὸ</em></strong></span> <span class='ocrx_word' id='word_1_117' title='bbox 336 1554 492 1647; x_wconf 81' lang='grc' dir='ltr'><strong><em>κάλυμμα</em></strong></span> <span class='ocrx_word' id='word_1_118' title='bbox 514 1552 582 1628; x_wconf 87' lang='grc' dir='ltr'><strong><em>άπὸ</em></strong></span> <span class='ocrx_word' id='word_1_119' title='bbox 605 1561 667 1645; x_wconf 81' lang='grc' dir='ltr'><strong><em>τῆς</em></strong></span> <span class='ocrx_word' id='word_1_120' title='bbox 687 1563 805 1639; x_wconf 84' lang='grc' dir='ltr'><strong><em>κακίας</em></strong></span> <span class='ocrx_word' id='word_1_121' title='bbox 827 1559 1040 1638; x_wconf 78' lang='grc' dir='ltr'><strong><em>ἐπιτιθέντες</em></strong></span> <span class='ocrx_word' id='word_1_122' title='bbox 1061 1565 1113 1646; x_wconf 90' lang='grc' dir='ltr'><strong><em>τῷ</em></strong></span> <span class='ocrx_word' id='word_1_123' title='bbox 1136 1552 1336 1647; x_wconf 87' lang='grc' dir='ltr'><strong><em>ἡγεμονικῷ.</em></strong></span> 
     </span>
    </p>

    <p class='ocr_par' dir='ltr' id='par_1_5' title="bbox 272 1668 1581 1964">
     <span class='ocr_line' id='line_1_13' title="bbox 358 1668 1581 1764; baseline -0.002 -20"><span class='ocrx_word' id='word_1_124' title='bbox 358 1685 404 1746; x_wconf 87' lang='grc'><strong><em>10.</em></strong></span> <span class='ocrx_word' id='word_1_125' title='bbox 440 1671 554 1745; x_wconf 75' lang='grc' dir='ltr'><strong><em>»Λιύτι</em></strong></span> <span class='ocrx_word' id='word_1_126' title='bbox 586 1676 746 1745; x_wconf 78' lang='grc' dir='ltr'><strong><em>ἐναντίον</em></strong></span> <span class='ocrx_word' id='word_1_127' title='bbox 775 1678 841 1744; x_wconf 85' lang='grc' dir='ltr'><strong><em>τοῦ</em></strong></span> <span class='ocrx_word' id='word_1_128' title='bbox 869 1679 956 1745; x_wconf 79' lang='grc' dir='ltr'><strong><em>θεοῦ</em></strong></span> <span class='ocrx_word' id='word_1_129' title='bbox 985 1670 1083 1763; x_wconf 84' lang='grc' dir='ltr'><strong><em>ἡμῶν</em></strong></span> <span class='ocrx_word' id='word_1_130' title='bbox 1114 1669 1307 1764; x_wconf 81' lang='grc' dir='ltr'><strong><em>ἡμάρτομεν</em></strong></span> <span class='ocrx_word' id='word_1_131' title='bbox 1340 1668 1431 1762; x_wconf 83' lang='grc' dir='ltr'><strong><em>ἡμεῖς</em></strong></span> <span class='ocrx_word' id='word_1_132' title='bbox 1461 1679 1516 1744; x_wconf 88' lang='grc' dir='ltr'><strong><em>καὶ</em></strong></span> <span class='ocrx_word' id='word_1_133' title='bbox 1548 1676 1581 1745; x_wconf 84' lang='grc' dir='ltr'><strong><em>οί</em></strong></span> 
     </span>
     <span class='ocr_line' id='line_1_14' title="bbox 272 1763 1581 1863; baseline 0 -21"><span class='ocrx_word' id='word_1_134' title='bbox 272 1780 415 1862; x_wconf 75' lang='grc' dir='ltr'><strong><em>πατέρες</em></strong></span> <span class='ocrx_word' id='word_1_135' title='bbox 438 1769 565 1863; x_wconf 79' lang='grc' dir='ltr'><strong><em>ἡμῷνι.</em></strong></span> <span class='ocrx_word' id='word_1_136' title='bbox 608 1776 680 1844; x_wconf 90' lang='grc' dir='ltr'><strong><em>εἴθε</em></strong></span> <span class='ocrx_word' id='word_1_137' title='bbox 702 1780 758 1843; x_wconf 87' lang='grc' dir='ltr'><strong><em>καί</em></strong></span> <span class='ocrx_word' id='word_1_138' title='bbox 780 1767 872 1861; x_wconf 80' lang='grc' dir='ltr'><strong><em>ἡμεῖς</em></strong></span> <span class='ocrx_word' id='word_1_139' title='bbox 895 1780 1061 1862; x_wconf 85' lang='grc' dir='ltr'><strong><em>λέγωμεν,</em></strong></span> <span class='ocrx_word' id='word_1_140' title='bbox 1091 1769 1139 1856; x_wconf 79' lang='grc' dir='ltr'><strong><em>ῷς</em></strong></span> <span class='ocrx_word' id='word_1_141' title='bbox 1162 1763 1259 1844; x_wconf 80' lang='grc' dir='ltr'><strong><em>οὗτοι</em></strong></span> <span class='ocrx_word' id='word_1_142' title='bbox 1280 1771 1368 1843; x_wconf 85' lang='grc' dir='ltr'><strong><em>κατά</em></strong></span> <span class='ocrx_word' id='word_1_143' title='bbox 1390 1771 1455 1862; x_wconf 89' lang='grc' dir='ltr'><strong><em>τὴν</em></strong></span> <span class='ocrx_word' id='word_1_144' title='bbox 1477 1796 1581 1862; x_wconf 91' lang='grc' dir='ltr'><strong><em>προσ-</em></strong></span> 
     </span>
     <span class='ocr_line' id='line_1_15' title="bbox 273 1867 1579 1964; baseline 0.002 -23"><span class='ocrx_word' id='word_1_145' title='bbox 273 1880 470 1944; x_wconf 88' lang='grc' dir='ltr'><strong><em>ωποποιίαν</em></strong></span> <span class='ocrx_word' id='word_1_146' title='bbox 492 1878 557 1944; x_wconf 84' lang='grc' dir='ltr'><strong><em>τοῦ</em></strong></span> <span class='ocrx_word' id='word_1_147' title='bbox 579 1868 777 1961; x_wconf 80' lang='grc' dir='ltr'><strong><em>προφήτου,</em></strong></span> <span class='ocrx_word' id='word_1_148' title='bbox 807 1867 1007 1963; x_wconf 87' lang='grc' dir='ltr'><strong><em>ἡμάρτομεν.</em></strong></span> <span class='ocrx_word' id='word_1_149' title='bbox 1053 1868 1094 1946; x_wconf 89' lang='grc' dir='ltr'><strong><em>ού</em></strong></span> <span class='ocrx_word' id='word_1_150' title='bbox 1117 1868 1247 1944; x_wconf 88' lang='grc' dir='ltr'><strong><em>ταύτόν</em></strong></span> <span class='ocrx_word' id='word_1_151' title='bbox 1273 1875 1365 1943; x_wconf 77' lang='grc' dir='ltr'><strong><em>ἐστιν</em></strong></span> <span class='ocrx_word' id='word_1_152' title='bbox 1388 1873 1429 1945; x_wconf 88' lang='grc' dir='ltr'><strong><em>τὸ</em></strong></span> <span class='ocrx_word' id='word_1_153' title='bbox 1457 1868 1579 1964; x_wconf 81' lang='grc' dir='ltr'><strong><em>»ἡμάρ-</em></strong></span> 
     </span>
    </p>

    <p class='ocr_par' dir='ltr' id='par_1_6' title="bbox 220 1964 1698 2461">
     <span class='ocr_line' id='line_1_16' title="bbox 220 1964 1580 2063; baseline 0.001 -22"><span class='ocrx_word' id='word_1_154' title='bbox 220 1990 254 2042; x_wconf 82' lang='grc'><strong><em>15</em></strong></span> <span class='ocrx_word' id='word_1_155' title='bbox 273 2001 393 2062; x_wconf 64' lang='grc' dir='ltr'><strong><em>τομεν(</em></strong></span> <span class='ocrx_word' id='word_1_156' title='bbox 424 1979 475 2062; x_wconf 91' lang='grc' dir='ltr'><strong><em>τῷ</em></strong></span> <span class='ocrx_word' id='word_1_157' title='bbox 503 1967 755 2061; x_wconf 86' lang='grc' dir='ltr'><strong><em>άμαρτάνομεν·</em></strong></span> <span class='ocrx_word' id='word_1_158' title='bbox 786 1966 804 2042; x_wconf 84' lang='grc' dir='ltr'>ὁ</span> <span class='ocrx_word' id='word_1_159' title='bbox 830 1978 892 2062; x_wconf 80' lang='grc' dir='ltr'><strong><em>μὲν</em></strong></span> <span class='ocrx_word' id='word_1_160' title='bbox 919 1971 981 2061; x_wconf 83' lang='grc' dir='ltr'><strong><em>γάρ</em></strong></span> <span class='ocrx_word' id='word_1_161' title='bbox 1008 1975 1058 2044; x_wconf 77' lang='grc' dir='ltr'><strong><em>ἔτι</em></strong></span> <span class='ocrx_word' id='word_1_162' title='bbox 1084 1977 1123 2045; x_wconf 79' lang='grc' dir='ltr'><strong><em>ἐν</em></strong></span> <span class='ocrx_word' id='word_1_163' title='bbox 1144 1969 1290 2062; x_wconf 82' lang='grc' dir='ltr'><strong><em>άμαρτίᾳ</em></strong></span> <span class='ocrx_word' id='word_1_164' title='bbox 1312 1964 1363 2042; x_wconf 75' lang='grc' dir='ltr'><strong><em>ὢν</em></strong></span> <span class='ocrx_word' id='word_1_165' title='bbox 1384 1973 1428 2063; x_wconf 86' lang='grc' dir='ltr'><strong><em>μὴ</em></strong></span> <span class='ocrx_word' id='word_1_166' title='bbox 1451 1979 1580 2061; x_wconf 83' lang='grc' dir='ltr'><strong><em>λεγέτω</em></strong></span> 
     </span>
     <span class='ocr_line' id='line_1_17' title="bbox 272 2067 1698 2162; baseline 0.001 -22"><span class='ocrx_word' id='word_1_167' title='bbox 272 2068 473 2162; x_wconf 81' lang='grc' dir='ltr'><strong><em>ἡμάρτομεν,</em></strong></span> <span class='ocrx_word' id='word_1_168' title='bbox 497 2067 515 2142; x_wconf 85' lang='grc' dir='ltr'>ὁ</span> <span class='ocrx_word' id='word_1_169' title='bbox 539 2076 574 2142; x_wconf 79' lang='grc' dir='ltr'><strong><em>δὲ</em></strong></span> <span class='ocrx_word' id='word_1_170' title='bbox 594 2069 867 2162; x_wconf 88' lang='grc' dir='ltr'><strong><em>προαμαρτὴσας,</em></strong></span> <span class='ocrx_word' id='word_1_171' title='bbox 890 2068 1035 2160; x_wconf 83' lang='grc' dir='ltr'><strong><em>άκριβῷς</em></strong></span> <span class='ocrx_word' id='word_1_172' title='bbox 1057 2079 1093 2143; x_wconf 79' lang='grc' dir='ltr'><strong><em>δὲ</em></strong></span> <span class='ocrx_word' id='word_1_173' title='bbox 1107 2069 1319 2162; x_wconf 82' lang='grc' dir='ltr'><strong><em>μετανοήσας</em></strong></span> <span class='ocrx_word' id='word_1_174' title='bbox 1335 2079 1461 2159; x_wconf 83' lang='grc' dir='ltr'><strong><em>λεγέτω</em></strong></span> <span class='ocrx_word' id='word_1_175' title='bbox 1478 2068 1579 2161; x_wconf 89' lang='grc' dir='ltr'><strong><em>ἡμάρ-</em></strong></span> <span class='ocrx_word' id='word_1_176' title='bbox 1696 2145 1698 2150; x_wconf 68' lang='grc'><strong><em>,</em></strong></span> 
     </span>
     <span class='ocr_line' id='line_1_18' title="bbox 272 2169 1579 2262; baseline 0 -20"><span class='ocrx_word' id='word_1_177' title='bbox 272 2200 386 2260; x_wconf 89' lang='grc' dir='ltr'><strong><em>τομεν,</em></strong></span> <span class='ocrx_word' id='word_1_178' title='bbox 418 2169 467 2255; x_wconf 63' lang='grc' dir='ltr'><strong><em>οἷς</em></strong></span> <span class='ocrx_word' id='word_1_179' title='bbox 496 2177 552 2242; x_wconf 85' lang='grc' dir='ltr'><strong><em>καί</em></strong></span> <span class='ocrx_word' id='word_1_180' title='bbox 582 2175 620 2243; x_wconf 84' lang='grc' dir='ltr'><strong><em>έν</em></strong></span> <span class='ocrx_word' id='word_1_181' title='bbox 650 2179 701 2261; x_wconf 91' lang='grc' dir='ltr'><strong><em>τῷ</em></strong></span> <span class='ocrx_word' id='word_1_182' title='bbox 725 2170 850 2262; x_wconf 79' lang='grc' dir='ltr'><strong><em>Δανιὴλ</em></strong></span> <span class='ocrx_word' id='word_1_183' title='bbox 881 2178 1066 2261; x_wconf 84' lang='grc' dir='ltr'><strong><em>γέγραπται</em></strong></span> <span class='ocrx_word' id='word_1_184' title='bbox 1096 2170 1335 2262; x_wconf 77' lang='grc' dir='ltr'><strong><em>ἐξομολόγησις</em></strong></span> <span class='ocrx_word' id='word_1_185' title='bbox 1364 2179 1440 2243; x_wconf 86' lang='grc' dir='ltr'><strong><em>τῷν</em></strong></span> <span class='ocrx_word' id='word_1_186' title='bbox 1460 2178 1579 2261; x_wconf 87' lang='grc' dir='ltr'><strong><em>μηκέτι</em></strong></span> 
     </span>
     <span class='ocr_line' id='line_1_19' title="bbox 271 2267 1579 2362; baseline -0.001 -20"><span class='ocrx_word' id='word_1_187' title='bbox 271 2267 540 2360; x_wconf 72' lang='grc' dir='ltr'><strong><em>ἁμαρτανόντων</em></strong></span> <span class='ocrx_word' id='word_1_188' title='bbox 563 2269 751 2360; x_wconf 88' lang='grc' dir='ltr'><strong><em>λεγόντων·</em></strong></span> <span class='ocrx_word' id='word_1_189' title='bbox 777 2267 995 2361; x_wconf 65' lang='grc' dir='ltr'><strong><em>»ἡμάρτομεα</em></strong></span> <span class='ocrx_word' id='word_1_190' title='bbox 1017 2267 1261 2362; x_wconf 78' lang='grc' dir='ltr'><strong><em>ήνομήσαμενι,</em></strong></span> <span class='ocrx_word' id='word_1_191' title='bbox 1284 2278 1339 2343; x_wconf 82' lang='grc' dir='ltr'><strong><em>καί</em></strong></span> <span class='ocrx_word' id='word_1_192' title='bbox 1358 2276 1395 2342; x_wconf 84' lang='grc' dir='ltr'><strong><em>έν</em></strong></span> <span class='ocrx_word' id='word_1_193' title='bbox 1419 2280 1579 2360; x_wconf 77' lang='grc' dir='ltr'><strong><em>Ψαλμοῖς·</em></strong></span> 
     </span>
     <span class='ocr_line' id='line_1_20' title="bbox 274 2365 1580 2461; baseline -0.001 -20"><span class='ocrx_word' id='word_1_194' title='bbox 274 2369 335 2460; x_wconf 70' lang='grc' dir='ltr'><strong><em>»μὴ</em></strong></span> <span class='ocrx_word' id='word_1_195' title='bbox 357 2378 511 2461; x_wconf 79' lang='grc' dir='ltr'><strong><em>μνησθῇς</em></strong></span> <span class='ocrx_word' id='word_1_196' title='bbox 532 2365 629 2460; x_wconf 81' lang='grc' dir='ltr'><strong><em>ἡμῶν</em></strong></span> <span class='ocrx_word' id='word_1_197' title='bbox 650 2366 804 2460; x_wconf 84' lang='grc' dir='ltr'><strong><em>άνομιῶν</em></strong></span> <span class='ocrx_word' id='word_1_198' title='bbox 826 2367 994 2461; x_wconf 74' lang='grc' dir='ltr'><strong><em>άρχαίωντ</em></strong></span> <span class='ocrx_word' id='word_1_199' title='bbox 1020 2379 1123 2459; x_wconf 86' lang='grc' dir='ltr'><strong><em>φησὶν</em></strong></span> <span class='ocrx_word' id='word_1_200' title='bbox 1145 2365 1164 2442; x_wconf 84' lang='grc' dir='ltr'>ὁ</span> <span class='ocrx_word' id='word_1_201' title='bbox 1185 2369 1375 2461; x_wconf 83' lang='grc' dir='ltr'><strong><em>προφήτης.</em></strong></span> <span class='ocrx_word' id='word_1_202' title='bbox 1410 2377 1466 2442; x_wconf 85' lang='grc' dir='ltr'><strong><em>καί</em></strong></span> <span class='ocrx_word' id='word_1_203' title='bbox 1487 2367 1580 2460; x_wconf 87' lang='grc' dir='ltr'><strong><em>ἡμεῖς</em></strong></span> 
     </span>
    </p>

    <p class='ocr_par' dir='ltr' id='par_1_7' title="bbox 219 2463 1579 2959">
     <span class='ocr_line' id='line_1_21' title="bbox 219 2463 1579 2561; baseline 0.002 -24"><span class='ocrx_word' id='word_1_204' title='bbox 219 2483 253 2537; x_wconf 82' lang='lat'><strong><em>20</em></strong></span> <span class='ocrx_word' id='word_1_205' title='bbox 271 2463 333 2542; x_wconf 84' lang='grc' dir='ltr'><strong><em>σύν</em></strong></span> <span class='ocrx_word' id='word_1_206' title='bbox 347 2469 677 2559; x_wconf 79' lang='grc' dir='ltr'><strong><em>έξομολογησιύμεθα</em></strong></span> <span class='ocrx_word' id='word_1_207' title='bbox 692 2471 755 2553; x_wconf 82' lang='grc' dir='ltr'><strong><em>τὰς</em></strong></span> <span class='ocrx_word' id='word_1_208' title='bbox 769 2465 941 2560; x_wconf 87' lang='grc' dir='ltr'><strong><em>άμαρτίας,</em></strong></span> <span class='ocrx_word' id='word_1_209' title='bbox 958 2473 1029 2543; x_wconf 91' lang='grc' dir='ltr'><strong><em>εἴθε</em></strong></span> <span class='ocrx_word' id='word_1_210' title='bbox 1043 2471 1088 2561; x_wconf 84' lang='grc' dir='ltr'><strong><em>μή</em></strong></span> <span class='ocrx_word' id='word_1_211' title='bbox 1102 2467 1230 2559; x_wconf 81' lang='grc' dir='ltr'><strong><em>χθιζάς,</em></strong></span> <span class='ocrx_word' id='word_1_212' title='bbox 1246 2474 1318 2541; x_wconf 86' lang='grc' dir='ltr'><strong><em>εἴθε</em></strong></span> <span class='ocrx_word' id='word_1_213' title='bbox 1333 2469 1579 2561; x_wconf 87' lang='grc' dir='ltr'><strong><em>μὴτρκθ&gt;ημε-</em></strong></span> 
     </span>
     <span class='ocr_line' id='line_1_22' title="bbox 270 2565 1578 2660; baseline -0.001 -19"><span class='ocrx_word' id='word_1_214' title='bbox 270 2566 380 2656; x_wconf 86' lang='grc' dir='ltr'><strong><em>ρινάς,</em></strong></span> <span class='ocrx_word' id='word_1_215' title='bbox 413 2565 491 2642; x_wconf 75' lang='grc' dir='ltr'><strong><em>ἀλλ’</em></strong></span> <span class='ocrx_word' id='word_1_216' title='bbox 515 2573 586 2640; x_wconf 87' lang='grc' dir='ltr'><strong><em>εἴθε</em></strong></span> <span class='ocrx_word' id='word_1_217' title='bbox 609 2569 913 2660; x_wconf 80' lang='grc' dir='ltr'><strong><em>ἐξομολογούμενοι</em></strong></span> <span class='ocrx_word' id='word_1_218' title='bbox 936 2570 1265 2660; x_wconf 76' lang='grc' dir='ltr'><strong><em>ἐξομολογησάμεθα</em></strong></span> <span class='ocrx_word' id='word_1_219' title='bbox 1286 2577 1364 2660; x_wconf 86' lang='grc' dir='ltr'><strong><em>περὶ</em></strong></span> <span class='ocrx_word' id='word_1_220' title='bbox 1386 2566 1578 2660; x_wconf 76' lang='grc' dir='ltr'><strong><em>ἁμαρτημά-</em></strong></span> 
     </span>
     <span class='ocr_line' id='line_1_23' title="bbox 270 2667 1579 2761; baseline -0.002 -21"><span class='ocrx_word' id='word_1_221' title='bbox 270 2700 344 2743; x_wconf 87' lang='grc' dir='ltr'><strong><em>των</em></strong></span> <span class='ocrx_word' id='word_1_222' title='bbox 366 2668 435 2760; x_wconf 89' lang='grc' dir='ltr'><strong><em>πρὸ</em></strong></span> <span class='ocrx_word' id='word_1_223' title='bbox 457 2675 698 2741; x_wconf 79' lang='grc' dir='ltr'><strong><em>πεντεκαίδεκα</em></strong></span> <span class='ocrx_word' id='word_1_224' title='bbox 721 2675 811 2743; x_wconf 80' lang='grc' dir='ltr'><strong><em>έτῷν</em></strong></span> <span class='ocrx_word' id='word_1_225' title='bbox 832 2677 1074 2760; x_wconf 87' lang='grc' dir='ltr'><strong><em>γεγενημένων,</em></strong></span> <span class='ocrx_word' id='word_1_226' title='bbox 1097 2678 1148 2761; x_wconf 92' lang='grc' dir='ltr'><strong><em>τῷ</em></strong></span> <span class='ocrx_word' id='word_1_227' title='bbox 1170 2677 1288 2758; x_wconf 84' lang='grc' dir='ltr'><strong><em>μηκέτι</em></strong></span> <span class='ocrx_word' id='word_1_228' title='bbox 1311 2667 1479 2760; x_wconf 84' lang='grc' dir='ltr'><strong><em>άμαρτίαν</em></strong></span> <span class='ocrx_word' id='word_1_229' title='bbox 1492 2671 1579 2755; x_wconf 76' lang='grc' dir='ltr'><strong><em>ἔχειν</em></strong></span> 
     </span>
     <span class='ocr_line' id='line_1_24' title="bbox 269 2760 1577 2858; baseline -0.003 -16"><span class='ocrx_word' id='word_1_230' title='bbox 269 2765 347 2856; x_wconf 79' lang='grc' dir='ltr'><strong><em>μετ’</em></strong></span> <span class='ocrx_word' id='word_1_231' title='bbox 368 2774 479 2841; x_wconf 81' lang='grc' dir='ltr'><strong><em>έκεῖνο</em></strong></span> <span class='ocrx_word' id='word_1_232' title='bbox 501 2773 556 2840; x_wconf 75' lang='grc' dir='ltr'><strong><em>ἐπὶ</em></strong></span> <span class='ocrx_word' id='word_1_233' title='bbox 577 2775 819 2841; x_wconf 75' lang='grc' dir='ltr'><strong><em>πεντεκαίδεκα</em></strong></span> <span class='ocrx_word' id='word_1_234' title='bbox 842 2771 909 2858; x_wconf 76' lang='grc' dir='ltr'><strong><em>ἔτη.</em></strong></span> <span class='ocrx_word' id='word_1_235' title='bbox 946 2773 974 2840; x_wconf 92' lang='grc' dir='ltr'><strong><em>εί</em></strong></span> <span class='ocrx_word' id='word_1_236' title='bbox 995 2775 1030 2840; x_wconf 81' lang='grc' dir='ltr'><strong><em>δὲ</em></strong></span> <span class='ocrx_word' id='word_1_237' title='bbox 1052 2775 1133 2857; x_wconf 76' lang='grc' dir='ltr'><strong><em>χθές</em></strong></span> <span class='ocrx_word' id='word_1_238' title='bbox 1149 2766 1350 2858; x_wconf 89' lang='grc' dir='ltr'><strong><em>ἡμάρτομεν,</em></strong></span> <span class='ocrx_word' id='word_1_239' title='bbox 1375 2760 1473 2840; x_wconf 87' lang='grc' dir='ltr'><strong><em>ούπω</em></strong></span> <span class='ocrx_word' id='word_1_240' title='bbox 1490 2763 1577 2854; x_wconf 77' lang='grc' dir='ltr'><strong><em>ἄξιό-</em></strong></span> 
     </span>
     <span class='ocr_line' id='line_1_25' title="bbox 268 2864 1578 2959; baseline -0.005 -17"><span class='ocrx_word' id='word_1_241' title='bbox 268 2876 386 2944; x_wconf 89' lang='grc' dir='ltr'><strong><em>πιστοί</em></strong></span> <span class='ocrx_word' id='word_1_242' title='bbox 415 2873 513 2959; x_wconf 80' lang='grc' dir='ltr'><strong><em>ἐσμεν</em></strong></span> <span class='ocrx_word' id='word_1_243' title='bbox 543 2867 849 2959; x_wconf 76' lang='grc' dir='ltr'><strong><em>ἐξομολογούμενοι</em></strong></span> <span class='ocrx_word' id='word_1_244' title='bbox 873 2877 952 2958; x_wconf 83' lang='grc' dir='ltr'><strong><em>περὶ</em></strong></span> <span class='ocrx_word' id='word_1_245' title='bbox 978 2875 1052 2940; x_wconf 84' lang='grc' dir='ltr'><strong><em>τῶν</em></strong></span> <span class='ocrx_word' id='word_1_246' title='bbox 1079 2865 1332 2959; x_wconf 73' lang='grc' dir='ltr'><strong><em>ἁμαρτημάτων</em></strong></span> <span class='ocrx_word' id='word_1_247' title='bbox 1359 2865 1468 2958; x_wconf 84' lang='grc' dir='ltr'><strong><em>ἡμῶν·</em></strong></span> <span class='ocrx_word' id='word_1_248' title='bbox 1500 2864 1578 2940; x_wconf 76' lang='grc' dir='ltr'><strong><em>οὐδὲ</em></strong></span> 
     </span>
    </p>

    <p class='ocr_par' dir='ltr' id='par_1_8' title="bbox 182 2963 1578 3458">
     <span class='ocr_line' id='line_1_26' title="bbox 182 2963 1578 3060; baseline -0.001 -20"><span class='ocrx_word' id='word_1_249' title='bbox 182 2986 251 3041; x_wconf 76' lang='lat' dir='ltr'>228v</span> <span class='ocrx_word' id='word_1_250' title='bbox 267 2969 384 3060; x_wconf 80' lang='grc' dir='ltr'><strong><em>χώραν</em></strong></span> <span class='ocrx_word' id='word_1_251' title='bbox 403 2975 408 3056; x_wconf 92' lang='grc' dir='ltr'>Ι</span> <span class='ocrx_word' id='word_1_252' title='bbox 426 2971 492 3057; x_wconf 74' lang='grc' dir='ltr'><strong><em>ἔχει</em></strong></span> <span class='ocrx_word' id='word_1_253' title='bbox 507 2965 796 3058; x_wconf 83' lang='grc' dir='ltr'><strong><em>άπαλειφ&lt;θ&gt;ἡναι</em></strong></span> <span class='ocrx_word' id='word_1_254' title='bbox 811 2966 854 3039; x_wconf 85' lang='grc' dir='ltr'><strong><em>τά</em></strong></span> <span class='ocrx_word' id='word_1_255' title='bbox 870 2963 1093 3059; x_wconf 80' lang='grc' dir='ltr'><strong><em>άμαρτήματα</em></strong></span> <span class='ocrx_word' id='word_1_256' title='bbox 1108 2964 1205 3057; x_wconf 79' lang='grc' dir='ltr'><strong><em>ἡμῶν</em></strong></span> <span class='ocrx_word' id='word_1_257' title='bbox 1215 2975 1331 3040; x_wconf 84' lang='grc' dir='ltr'><strong><em>ταῦτα.</em></strong></span> <span class='ocrx_word' id='word_1_258' title='bbox 1361 2965 1467 3040; x_wconf 74' lang='grc' dir='ltr'><strong><em>»διότι</em></strong></span> <span class='ocrx_word' id='word_1_259' title='bbox 1477 2963 1578 3057; x_wconf 90' lang='grc' dir='ltr'><strong><em>ἡμάρ-</em></strong></span> 
     </span>
     <span class='ocr_line' id='line_1_27' title="bbox 269 3063 1577 3159; baseline -0.002 -19"><span class='ocrx_word' id='word_1_260' title='bbox 269 3097 373 3159; x_wconf 90' lang='grc' dir='ltr'><strong><em>τομεν</em></strong></span> <span class='ocrx_word' id='word_1_261' title='bbox 399 3065 492 3158; x_wconf 87' lang='grc' dir='ltr'><strong><em>ἡμεῖς</em></strong></span> <span class='ocrx_word' id='word_1_262' title='bbox 517 3075 572 3138; x_wconf 87' lang='grc' dir='ltr'><strong><em>καὶ</em></strong></span> <span class='ocrx_word' id='word_1_263' title='bbox 596 3071 629 3140; x_wconf 85' lang='grc' dir='ltr'><strong><em>οί</em></strong></span> <span class='ocrx_word' id='word_1_264' title='bbox 650 3075 792 3158; x_wconf 82' lang='grc' dir='ltr'><strong><em>πατέρες</em></strong></span> <span class='ocrx_word' id='word_1_265' title='bbox 815 3064 913 3157; x_wconf 84' lang='grc' dir='ltr'><strong><em>ἡμῶν</em></strong></span> <span class='ocrx_word' id='word_1_266' title='bbox 934 3065 1002 3140; x_wconf 85' lang='grc' dir='ltr'><strong><em>άπὸ</em></strong></span> <span class='ocrx_word' id='word_1_267' title='bbox 1025 3066 1191 3155; x_wconf 87' lang='grc' dir='ltr'><strong><em>νεότητος</em></strong></span> <span class='ocrx_word' id='word_1_268' title='bbox 1213 3064 1310 3157; x_wconf 78' lang='grc' dir='ltr'><strong><em>ἡμῶν</em></strong></span> <span class='ocrx_word' id='word_1_269' title='bbox 1334 3070 1397 3150; x_wconf 79' lang='grc' dir='ltr'><strong><em>ἴως</em></strong></span> <span class='ocrx_word' id='word_1_270' title='bbox 1420 3072 1481 3155; x_wconf 82' lang='grc' dir='ltr'><strong><em>τῆς</em></strong></span> <span class='ocrx_word' id='word_1_271' title='bbox 1502 3063 1577 3157; x_wconf 85' lang='grc' dir='ltr'><strong><em>ἡμέ-</em></strong></span> 
     </span>
     <span class='ocr_line' id='line_1_28' title="bbox 269 3166 1577 3258; baseline -0.002 -20"><span class='ocrx_word' id='word_1_272' title='bbox 269 3199 329 3257; x_wconf 87' lang='grc' dir='ltr'><strong><em>ρας</em></strong></span> <span class='ocrx_word' id='word_1_273' title='bbox 355 3166 511 3256; x_wconf 71' lang='grc' dir='ltr'><strong><em>ταύτηςι.</em></strong></span> <span class='ocrx_word' id='word_1_274' title='bbox 554 3170 664 3240; x_wconf 82' lang='grc' dir='ltr'><strong><em>ἐκεῖνα</em></strong></span> <span class='ocrx_word' id='word_1_275' title='bbox 689 3174 751 3258; x_wconf 78' lang='grc' dir='ltr'><strong><em>μὲν</em></strong></span> <span class='ocrx_word' id='word_1_276' title='bbox 779 3167 894 3250; x_wconf 82' lang='grc' dir='ltr'><strong><em>ἄλλως</em></strong></span> <span class='ocrx_word' id='word_1_277' title='bbox 921 3174 1074 3256; x_wconf 87' lang='grc' dir='ltr'><strong><em>λελέχθω</em></strong></span> <span class='ocrx_word' id='word_1_278' title='bbox 1102 3175 1148 3250; x_wconf 89' lang='grc' dir='ltr'><strong><em>είς</em></strong></span> <span class='ocrx_word' id='word_1_279' title='bbox 1175 3173 1392 3240; x_wconf 82' lang='grc' dir='ltr'><strong><em>διδασκαλίαν</em></strong></span> <span class='ocrx_word' id='word_1_280' title='bbox 1415 3166 1480 3256; x_wconf 86' lang='grc' dir='ltr'><strong><em>τήν</em></strong></span> <span class='ocrx_word' id='word_1_281' title='bbox 1500 3172 1577 3256; x_wconf 86' lang='grc' dir='ltr'><strong><em>περί</em></strong></span> 
     </span>
     <span class='ocr_line' id='line_1_29' title="bbox 269 3263 1578 3358; baseline 0 -21"><span class='ocrx_word' id='word_1_282' title='bbox 269 3266 402 3356; x_wconf 86' lang='grc' dir='ltr'><strong><em>τρόπου</em></strong></span> <span class='ocrx_word' id='word_1_283' title='bbox 431 3263 575 3356; x_wconf 88' lang='grc' dir='ltr'><strong><em>άρίστου</em></strong></span> <span class='ocrx_word' id='word_1_284' title='bbox 605 3264 891 3358; x_wconf 79' lang='grc' dir='ltr'><strong><em>έξομολογὴσεως·</em></strong></span> <span class='ocrx_word' id='word_1_285' title='bbox 921 3273 1030 3338; x_wconf 85' lang='grc' dir='ltr'><strong><em>ταῦτα</em></strong></span> <span class='ocrx_word' id='word_1_286' title='bbox 1057 3273 1095 3339; x_wconf 79' lang='grc' dir='ltr'><strong><em>δέ</em></strong></span> <span class='ocrx_word' id='word_1_287' title='bbox 1118 3271 1212 3339; x_wconf 79' lang='grc' dir='ltr'><strong><em>ἐστιν</em></strong></span> <span class='ocrx_word' id='word_1_288' title='bbox 1237 3273 1424 3357; x_wconf 87' lang='grc' dir='ltr'><strong><em>κατηγορία</em></strong></span> <span class='ocrx_word' id='word_1_289' title='bbox 1450 3271 1514 3339; x_wconf 84' lang='grc' dir='ltr'><strong><em>τοῦ</em></strong></span> <span class='ocrx_word' id='word_1_290' title='bbox 1540 3270 1578 3337; x_wconf 82' lang='grc' dir='ltr'><strong><em>έκ</em></strong></span> 
     </span>
     <span class='ocr_line' id='line_1_30' title="bbox 267 3361 1576 3458; baseline -0.001 -21"><span class='ocrx_word' id='word_1_291' title='bbox 267 3373 401 3439; x_wconf 82' lang='grc' dir='ltr'><strong><em>πολλοῦ</em></strong></span> <span class='ocrx_word' id='word_1_292' title='bbox 423 3361 637 3457; x_wconf 80' lang='grc' dir='ltr'><strong><em>ἆμαρτάνειν.</em></strong></span> <span class='ocrx_word' id='word_1_293' title='bbox 676 3361 762 3439; x_wconf 78' lang='grc' dir='ltr'><strong><em>»άπὸ</em></strong></span> <span class='ocrx_word' id='word_1_294' title='bbox 785 3365 967 3456; x_wconf 66' lang='grc' dir='ltr'><strong><em>νεότητος(</em></strong></span> <span class='ocrx_word' id='word_1_295' title='bbox 993 3371 1096 3457; x_wconf 87' lang='grc' dir='ltr'><strong><em>φησίν</em></strong></span> <span class='ocrx_word' id='word_1_296' title='bbox 1121 3368 1204 3450; x_wconf 72' lang='grc' dir='ltr'><strong><em>»ἕως</em></strong></span> <span class='ocrx_word' id='word_1_297' title='bbox 1226 3373 1289 3456; x_wconf 82' lang='grc' dir='ltr'><strong><em>τῆς</em></strong></span> <span class='ocrx_word' id='word_1_298' title='bbox 1304 3363 1427 3458; x_wconf 84' lang='grc' dir='ltr'><strong><em>ἡμέρας</em></strong></span> <span class='ocrx_word' id='word_1_299' title='bbox 1441 3363 1576 3454; x_wconf 89' lang='grc' dir='ltr'><strong><em>ταύτης,</em></strong></span> 
     </span>
    </p>

    <p class='ocr_par' dir='ltr' id='par_1_9' title="bbox 216 3462 1576 3957">
     <span class='ocr_line' id='line_1_31' title="bbox 216 3462 1576 3557; baseline 0 -21"><span class='ocrx_word' id='word_1_300' title='bbox 216 3483 250 3538; x_wconf 82' lang='grc'><strong><em>30</em></strong></span> <span class='ocrx_word' id='word_1_301' title='bbox 268 3473 322 3538; x_wconf 84' lang='grc' dir='ltr'><strong><em>καὶ</em></strong></span> <span class='ocrx_word' id='word_1_302' title='bbox 347 3463 407 3555; x_wconf 86' lang='grc' dir='ltr'><strong><em>ούχ</em></strong></span> <span class='ocrx_word' id='word_1_303' title='bbox 427 3463 666 3557; x_wconf 87' lang='grc' dir='ltr'><strong><em>ύπηκούσαμεν</em></strong></span> <span class='ocrx_word' id='word_1_304' title='bbox 687 3472 749 3557; x_wconf 82' lang='grc' dir='ltr'><strong><em>τῆς</em></strong></span> <span class='ocrx_word' id='word_1_305' title='bbox 772 3473 893 3556; x_wconf 83' lang='grc' dir='ltr'><strong><em>φωνῆς</em></strong></span> <span class='ocrx_word' id='word_1_306' title='bbox 907 3475 1026 3555; x_wconf 90' lang='grc' dir='ltr'><strong><em>κυρίου</em></strong></span> <span class='ocrx_word' id='word_1_307' title='bbox 1040 3471 1104 3538; x_wconf 84' lang='grc' dir='ltr'><strong><em>τοῦ</em></strong></span> <span class='ocrx_word' id='word_1_308' title='bbox 1119 3472 1204 3539; x_wconf 81' lang='grc' dir='ltr'><strong><em>θεοῦ</em></strong></span> <span class='ocrx_word' id='word_1_309' title='bbox 1219 3462 1349 3556; x_wconf 71' lang='grc' dir='ltr'><strong><em>ἡμῷνι·</em></strong></span> <span class='ocrx_word' id='word_1_310' title='bbox 1371 3463 1576 3557; x_wconf 88' lang='grc' dir='ltr'><strong><em>ἡμάρτομεν,</em></strong></span> 
     </span>
     <span class='ocr_line' id='line_1_32' title="bbox 267 3562 1576 3659; baseline 0 -23"><span class='ocrx_word' id='word_1_311' title='bbox 267 3573 322 3637; x_wconf 86' lang='grc' dir='ltr'><strong><em>καί</em></strong></span> <span class='ocrx_word' id='word_1_312' title='bbox 353 3563 414 3654; x_wconf 86' lang='grc' dir='ltr'><strong><em>ούχ</em></strong></span> <span class='ocrx_word' id='word_1_313' title='bbox 446 3562 685 3656; x_wconf 77' lang='grc' dir='ltr'><strong><em>ὑπηκούσαμεν</em></strong></span> <span class='ocrx_word' id='word_1_314' title='bbox 718 3569 782 3649; x_wconf 79' lang='grc' dir='ltr'><strong><em>ἴως</em></strong></span> <span class='ocrx_word' id='word_1_315' title='bbox 813 3572 877 3640; x_wconf 84' lang='grc' dir='ltr'><strong><em>τοῦ</em></strong></span> <span class='ocrx_word' id='word_1_316' title='bbox 902 3562 1086 3656; x_wconf 87' lang='grc' dir='ltr'><strong><em>παρόντος.</em></strong></span> <span class='ocrx_word' id='word_1_317' title='bbox 1130 3568 1202 3637; x_wconf 81' lang='grc' dir='ltr'><strong><em>εἶτα</em></strong></span> <span class='ocrx_word' id='word_1_318' title='bbox 1229 3570 1494 3659; x_wconf 82' lang='grc' dir='ltr'><strong><em>ἐπιστρέφοντες</em></strong></span> <span class='ocrx_word' id='word_1_319' title='bbox 1520 3573 1576 3636; x_wconf 84' lang='grc' dir='ltr'><strong><em>καὶ</em></strong></span> 
     </span>
     <span class='ocr_line' id='line_1_33' title="bbox 267 3661 1575 3756; baseline -0.002 -20"><span class='ocrx_word' id='word_1_320' title='bbox 267 3663 375 3756; x_wconf 85' lang='grc' dir='ltr'><strong><em>άρχὴν</em></strong></span> <span class='ocrx_word' id='word_1_321' title='bbox 397 3668 533 3754; x_wconf 73' lang='grc' dir='ltr'><strong><em>ἔχοντες</em></strong></span> <span class='ocrx_word' id='word_1_322' title='bbox 555 3670 762 3755; x_wconf 80' lang='grc' dir='ltr'><strong><em>ἐπιστροφῆς</em></strong></span> <span class='ocrx_word' id='word_1_323' title='bbox 784 3673 939 3754; x_wconf 90' lang='grc' dir='ltr'><strong><em>λέγουσιν</em></strong></span> <span class='ocrx_word' id='word_1_324' title='bbox 962 3665 1003 3738; x_wconf 89' lang='grc' dir='ltr'><strong><em>τὸ</em></strong></span> <span class='ocrx_word' id='word_1_325' title='bbox 1024 3662 1246 3756; x_wconf 75' lang='grc' dir='ltr'><strong><em>&gt;ἡμάρτομεν,</em></strong></span> <span class='ocrx_word' id='word_1_326' title='bbox 1268 3675 1322 3738; x_wconf 79' lang='grc' dir='ltr'><strong><em>καὶ</em></strong></span> <span class='ocrx_word' id='word_1_327' title='bbox 1347 3662 1407 3756; x_wconf 87' lang='grc' dir='ltr'><strong><em>ούχ</em></strong></span> <span class='ocrx_word' id='word_1_328' title='bbox 1429 3661 1575 3753; x_wconf 89' lang='grc' dir='ltr'><strong><em>ύπηκού-</em></strong></span> 
     </span>
     <span class='ocr_line' id='line_1_34' title="bbox 268 3759 1576 3856; baseline -0.002 -21"><span class='ocrx_word' id='word_1_329' title='bbox 268 3791 390 3853; x_wconf 76' lang='grc' dir='ltr'><strong><em>σαμεν&lt;.</em></strong></span> <span class='ocrx_word' id='word_1_330' title='bbox 426 3762 504 3838; x_wconf 81' lang='grc' dir='ltr'><strong><em>ούύὲ</em></strong></span> <span class='ocrx_word' id='word_1_331' title='bbox 526 3765 589 3856; x_wconf 86' lang='grc' dir='ltr'><strong><em>γάρ</em></strong></span> <span class='ocrx_word' id='word_1_332' title='bbox 611 3759 679 3856; x_wconf 82' lang='grc' dir='ltr'><strong><em>άμα</em></strong></span> <span class='ocrx_word' id='word_1_333' title='bbox 700 3773 752 3856; x_wconf 91' lang='grc' dir='ltr'><strong><em>τῷ</em></strong></span> <span class='ocrx_word' id='word_1_334' title='bbox 780 3773 897 3837; x_wconf 85' lang='grc' dir='ltr'><strong><em>θέλειν</em></strong></span> <span class='ocrx_word' id='word_1_335' title='bbox 912 3761 1102 3838; x_wconf 88' lang='grc' dir='ltr'><strong><em>ύπακοῦσαι</em></strong></span> <span class='ocrx_word' id='word_1_336' title='bbox 1123 3761 1187 3854; x_wconf 81' lang='grc' dir='ltr'><strong><em>ήδη</em></strong></span> <span class='ocrx_word' id='word_1_337' title='bbox 1202 3763 1332 3850; x_wconf 86' lang='grc' dir='ltr'><strong><em>εύθέως</em></strong></span> <span class='ocrx_word' id='word_1_338' title='bbox 1346 3763 1576 3854; x_wconf 89' lang='grc' dir='ltr'><strong><em>ύπακούομεν·</em></strong></span> 
     </span>
     <span class='ocr_line' id='line_1_35' title="bbox 267 3863 1575 3957; baseline -0.001 -23"><span class='ocrx_word' id='word_1_339' title='bbox 267 3871 324 3934; x_wconf 82' lang='grc' dir='ltr'><strong><em>καί</em></strong></span> <span class='ocrx_word' id='word_1_340' title='bbox 350 3865 414 3955; x_wconf 82' lang='grc' dir='ltr'><strong><em>γάρ</em></strong></span> <span class='ocrx_word' id='word_1_341' title='bbox 436 3869 486 3937; x_wconf 79' lang='grc' dir='ltr'><strong><em>ἔτι</em></strong></span> <span class='ocrx_word' id='word_1_342' title='bbox 508 3864 635 3956; x_wconf 86' lang='grc' dir='ltr'><strong><em>χρόνου</em></strong></span> <span class='ocrx_word' id='word_1_343' title='bbox 657 3872 719 3951; x_wconf 83' lang='grc' dir='ltr'><strong><em>δεῖ,</em></strong></span> <span class='ocrx_word' id='word_1_344' title='bbox 744 3864 858 3954; x_wconf 79' lang='grc' dir='ltr'><strong><em>οἴσπερ</em></strong></span> <span class='ocrx_word' id='word_1_345' title='bbox 880 3869 935 3936; x_wconf 81' lang='grc' dir='ltr'><strong><em>έπί</em></strong></span> <span class='ocrx_word' id='word_1_346' title='bbox 956 3872 1031 3937; x_wconf 87' lang='grc' dir='ltr'><strong><em>τῷν</em></strong></span> <span class='ocrx_word' id='word_1_347' title='bbox 1052 3863 1259 3954; x_wconf 87' lang='grc' dir='ltr'><strong><em>τραυμάτων</em></strong></span> <span class='ocrx_word' id='word_1_348' title='bbox 1281 3866 1368 3957; x_wconf 88' lang='grc' dir='ltr'><strong><em>πρὸς</em></strong></span> <span class='ocrx_word' id='word_1_349' title='bbox 1389 3865 1454 3955; x_wconf 85' lang='grc' dir='ltr'><strong><em>τὴν</em></strong></span> <span class='ocrx_word' id='word_1_350' title='bbox 1476 3867 1575 3946; x_wconf 86' lang='grc' dir='ltr'><strong><em>ἴασιν,</em></strong></span> 
     </span>
    </p>
   </div>
   <div class='ocr_carea' id='block_1_3' title="bbox 353 4085 1417 4171">
    <p class='ocr_par' dir='ltr' id='par_1_10' title="bbox 353 4085 1417 4171">
     <span class='ocr_line' id='line_1_36' title="bbox 353 4085 1417 4171; baseline -0.002 -13"><span class='ocrx_word' id='word_1_351' title='bbox 353 4105 370 4158; x_wconf 85' lang='grc' dir='ltr'><strong><em>ε</em></strong></span> <span class='ocrx_word' id='word_1_352' title='bbox 389 4103 462 4159; x_wconf 68' lang='grc' dir='ltr'><strong><em>Ρεο.</em></strong></span> <span class='ocrx_word' id='word_1_353' title='bbox 474 4107 499 4171; x_wconf 82' lang='grc' dir='ltr'><strong><em>ι,</em></strong></span> <span class='ocrx_word' id='word_1_354' title='bbox 513 4107 537 4160; x_wconf 80' lang='grc' dir='ltr'><strong><em>τ.</em></strong></span> <span class='ocrx_word' id='word_1_355' title='bbox 554 4133 588 4142; x_wconf 83' lang='grc'>-</span> <span class='ocrx_word' id='word_1_356' title='bbox 606 4102 625 4158; x_wconf 84' lang='lat'>4</span> <span class='ocrx_word' id='word_1_357' title='bbox 643 4103 736 4160; x_wconf 68' lang='lat' dir='ltr'><strong><em>mm.</em></strong></span> <span class='ocrx_word' id='word_1_358' title='bbox 749 4104 772 4169; x_wconf 83' lang='lat'><strong><em>2,</em></strong></span> <span class='ocrx_word' id='word_1_359' title='bbox 785 4105 810 4160; x_wconf 86' lang='lat'><strong><em>8.</em></strong></span> <span class='ocrx_word' id='word_1_360' title='bbox 828 4133 861 4142; x_wconf 89' lang='grc'><strong><em>--</em></strong></span> <span class='ocrx_word' id='word_1_361' title='bbox 881 4102 919 4158; x_wconf 82' lang='grc' dir='ltr'><strong><em>ιε</em></strong></span> <span class='ocrx_word' id='word_1_362' title='bbox 937 4103 1006 4158; x_wconf 72' lang='grc' dir='ltr'><strong><em>σοι.</em></strong></span> <span class='ocrx_word' id='word_1_363' title='bbox 1019 4105 1072 4171; x_wconf 72' lang='grc' dir='ltr'><strong><em>οε</em></strong></span> <span class='ocrx_word' id='word_1_364' title='bbox 1091 4098 1130 4159; x_wconf 84' lang='grc' dir='ltr'><strong><em>ε’.</em></strong></span> <span class='ocrx_word' id='word_1_365' title='bbox 1148 4134 1181 4144; x_wconf 94' lang='grc'><strong>-</strong></span> <span class='ocrx_word' id='word_1_366' title='bbox 1201 4103 1237 4161; x_wconf 82' lang='grc' dir='ltr'><strong><em>ιο</em></strong></span> <span class='ocrx_word' id='word_1_367' title='bbox 1253 4103 1326 4158; x_wconf 74' lang='lat' dir='ltr'><strong>Psal.</strong></span> <span class='ocrx_word' id='word_1_368' title='bbox 1339 4105 1380 4170; x_wconf 77' lang='grc' dir='ltr'><strong><em>τε,</em></strong></span> <span class='ocrx_word' id='word_1_369' title='bbox 1392 4085 1417 4159; x_wconf 86' lang='grc' dir='ltr'><strong><em>ε’.</em></strong></span> 
     </span>
    </p>
   </div>
   <div class='ocr_carea' id='block_1_4' title="bbox 264 4301 1575 4630">
    <p class='ocr_par' dir='ltr' id='par_1_11' title="bbox 264 4301 1575 4630">
     <span class='ocr_line' id='line_1_37' title="bbox 350 4301 1574 4378; baseline -0.004 -17"><span class='ocrx_word' id='word_1_370' title='bbox 350 4307 367 4361; x_wconf 78' lang='grc'><strong>5</strong></span> <span class='ocrx_word' id='word_1_371' title='bbox 382 4305 481 4378; x_wconf 79' lang='grc' dir='ltr'><strong><em>χεῖρας</em></strong></span> <span class='ocrx_word' id='word_1_372' title='bbox 493 4305 561 4360; x_wconf 83' lang='lat' dir='ltr'><strong><em>vco</em></strong></span> <span class='ocrx_word' id='word_1_373' title='bbox 572 4301 696 4378; x_wconf 75' lang='grc' dir='ltr'><strong><em>χώραςθ</em></strong></span> <span class='ocrx_word' id='word_1_374' title='bbox 712 4306 716 4372; x_wconf 87' lang='grc' dir='ltr'>Ι</span> <span class='ocrx_word' id='word_1_375' title='bbox 732 4305 750 4359; x_wconf 83' lang='grc' dir='ltr'><strong><em>θ</em></strong></span> <span class='ocrx_word' id='word_1_376' title='bbox 763 4303 952 4375; x_wconf 84' lang='grc' dir='ltr'><strong><em>περιείλομεν]</em></strong></span> <span class='ocrx_word' id='word_1_377' title='bbox 965 4305 1151 4376; x_wconf 85' lang='grc' dir='ltr'><strong><em>περιεέλωμευ</em></strong></span> <span class='ocrx_word' id='word_1_378' title='bbox 1160 4305 1190 4368; x_wconf 74' lang='lat'><strong><em>35</em></strong></span> <span class='ocrx_word' id='word_1_379' title='bbox 1208 4304 1256 4359; x_wconf 86' lang='lat' dir='ltr'><strong><em>der</em></strong></span> <span class='ocrx_word' id='word_1_380' title='bbox 1268 4305 1332 4360; x_wconf 69' lang='grc' dir='ltr'><strong><em>θεία</em></strong></span> <span class='ocrx_word' id='word_1_381' title='bbox 1345 4304 1451 4360; x_wconf 74' lang='lat' dir='ltr'>sehoint</span> <span class='ocrx_word' id='word_1_382' title='bbox 1462 4303 1574 4357; x_wconf 73' lang='lat' dir='ltr'>liicken·</span> 
     </span>
     <span class='ocr_line' id='line_1_38' title="bbox 264 4382 1573 4462; baseline 0.001 -20"><span class='ocrx_word' id='word_1_383' title='bbox 264 4387 326 4444; x_wconf 77' lang='lat' dir='ltr'><strong>haft</strong></span> <span class='ocrx_word' id='word_1_384' title='bbox 340 4389 345 4456; x_wconf 93' lang='grc' dir='ltr'>Ι</span> <span class='ocrx_word' id='word_1_385' title='bbox 360 4387 377 4442; x_wconf 83' lang='grc'>8</span> <span class='ocrx_word' id='word_1_386' title='bbox 394 4395 434 4462; x_wconf 83' lang='grc' dir='ltr'><strong><em>τῷ</em></strong></span> <span class='ocrx_word' id='word_1_387' title='bbox 452 4389 531 4444; x_wconf 77' lang='grc' dir='ltr'><strong><em>Βίεεε</em></strong></span> <span class='ocrx_word' id='word_1_388' title='bbox 549 4388 706 4444; x_wconf 73' lang='grc' dir='ltr'><strong><em>Κοεεεοίεου</em></strong></span> <span class='ocrx_word' id='word_1_389' title='bbox 721 4391 725 4458; x_wconf 93' lang='grc' dir='ltr'>Ι</span> <span class='ocrx_word' id='word_1_390' title='bbox 742 4389 778 4443; x_wconf 81' lang='grc'><strong><em>10</em></strong></span> <span class='ocrx_word' id='word_1_391' title='bbox 795 4382 882 4443; x_wconf 75' lang='grc' dir='ltr'><strong><em>αὑτοῦ</em></strong></span> <span class='ocrx_word' id='word_1_392' title='bbox 899 4387 974 4443; x_wconf 81' lang='lat' dir='ltr'>Diels</span> <span class='ocrx_word' id='word_1_393' title='bbox 993 4384 1109 4443; x_wconf 77' lang='grc' dir='ltr'><strong><em>αίτοῦθ</em></strong></span> <span class='ocrx_word' id='word_1_394' title='bbox 1125 4391 1129 4457; x_wconf 95' lang='grc' dir='ltr'>Ι</span> <span class='ocrx_word' id='word_1_395' title='bbox 1145 4389 1183 4444; x_wconf 80' lang='grc'><strong><em>12</em></strong></span> <span class='ocrx_word' id='word_1_396' title='bbox 1201 4387 1367 4462; x_wconf 79' lang='grc' dir='ltr'><strong><em>ἡμάρτομεν</em></strong></span> <span class='ocrx_word' id='word_1_397' title='bbox 1380 4388 1467 4444; x_wconf 77' lang='grc' dir='ltr'><strong><em>θὼθο</em></strong></span> <span class='ocrx_word' id='word_1_398' title='bbox 1485 4384 1573 4460; x_wconf 76' lang='grc' dir='ltr'><strong><em>ἡμάρ-</em></strong></span> 
     </span>
     <span class='ocr_line' id='line_1_39' title="bbox 265 4467 1575 4545; baseline -0.001 -17"><span class='ocrx_word' id='word_1_399' title='bbox 265 4475 361 4541; x_wconf 76' lang='grc' dir='ltr'><strong><em>τῶμεν</em></strong></span> <span class='ocrx_word' id='word_1_400' title='bbox 383 4473 400 4528; x_wconf 84' lang='lat' dir='ltr'>S</span> <span class='ocrx_word' id='word_1_401' title='bbox 424 4476 429 4540; x_wconf 90' lang='grc' dir='ltr'>Ι</span> <span class='ocrx_word' id='word_1_402' title='bbox 453 4474 542 4540; x_wconf 68' lang='lat' dir='ltr'><strong><em>lam</em></strong></span> <span class='ocrx_word' id='word_1_403' title='bbox 564 4471 851 4544; x_wconf 77' lang='grc' dir='ltr'><strong><em>προσωποποιείανθ</em></strong></span> <span class='ocrx_word' id='word_1_404' title='bbox 875 4473 879 4540; x_wconf 96' lang='grc' dir='ltr'>Ι</span> <span class='ocrx_word' id='word_1_405' title='bbox 905 4472 943 4527; x_wconf 76' lang='grc'><strong><em>20</em></strong></span> <span class='ocrx_word' id='word_1_406' title='bbox 964 4473 1166 4545; x_wconf 82' lang='grc' dir='ltr'><strong><em>τριθημερινάς</em></strong></span> <span class='ocrx_word' id='word_1_407' title='bbox 1187 4474 1267 4527; x_wconf 84' lang='grc' dir='ltr'><strong><em>Βίεεε</em></strong></span> <span class='ocrx_word' id='word_1_408' title='bbox 1290 4474 1296 4542; x_wconf 96' lang='grc' dir='ltr'>Ι</span> <span class='ocrx_word' id='word_1_409' title='bbox 1321 4473 1360 4528; x_wconf 71' lang='lat'><strong><em>28</em></strong></span> <span class='ocrx_word' id='word_1_410' title='bbox 1384 4467 1464 4530; x_wconf 70' lang='grc' dir='ltr'><strong><em>οὔπω</em></strong></span> <span class='ocrx_word' id='word_1_411' title='bbox 1486 4472 1575 4529; x_wconf 78' lang='grc' dir='ltr'><strong><em>θίεθο</em></strong></span> 
     </span>
     <span class='ocr_line' id='line_1_40' title="bbox 266 4551 1540 4630; baseline -0.002 -18"><span class='ocrx_word' id='word_1_412' title='bbox 266 4553 345 4612; x_wconf 77' lang='grc' dir='ltr'><strong><em>οἴκοι</em></strong></span> <span class='ocrx_word' id='word_1_413' title='bbox 364 4559 381 4612; x_wconf 83' lang='grc'>8</span> <span class='ocrx_word' id='word_1_414' title='bbox 400 4551 474 4614; x_wconf 70' lang='grc' dir='ltr'><strong><em>οὕτω</em></strong></span> <span class='ocrx_word' id='word_1_415' title='bbox 493 4557 590 4626; x_wconf 69' lang='lat' dir='ltr'><strong><em>v125</em></strong></span> <span class='ocrx_word' id='word_1_416' title='bbox 607 4554 819 4626; x_wconf 70' lang='grc' dir='ltr'><strong><em>ἀπολειφθῆναι</em></strong></span> <span class='ocrx_word' id='word_1_417' title='bbox 838 4556 881 4610; x_wconf 84' lang='lat' dir='ltr'><strong><em>Gh</em></strong></span> <span class='ocrx_word' id='word_1_418' title='bbox 899 4556 956 4627; x_wconf 82' lang='lat' dir='ltr'>vgl.</span> <span class='ocrx_word' id='word_1_419' title='bbox 973 4556 1059 4611; x_wconf 80' lang='lat' dir='ltr'>Index</span> <span class='ocrx_word' id='word_1_420' title='bbox 1074 4559 1079 4626; x_wconf 91' lang='grc' dir='ltr'>Ι</span> <span class='ocrx_word' id='word_1_421' title='bbox 1094 4557 1134 4614; x_wconf 80' lang='lat'><strong><em>34</em></strong></span> <span class='ocrx_word' id='word_1_422' title='bbox 1151 4553 1192 4614; x_wconf 78' lang='grc' dir='ltr'><strong><em>ἔτι</em></strong></span> <span class='ocrx_word' id='word_1_423' title='bbox 1209 4557 1324 4629; x_wconf 81' lang='grc' dir='ltr'><strong><em>χρόνον]</em></strong></span> <span class='ocrx_word' id='word_1_424' title='bbox 1343 4553 1496 4630; x_wconf 85' lang='grc' dir='ltr'><strong><em>έπιχρόνον</em></strong></span> <span class='ocrx_word' id='word_1_425' title='bbox 1513 4557 1540 4612; x_wconf 87' lang='lat' dir='ltr'><strong><em>S.</em></strong></span> 
     </span>
    </p>
   </div>
   <div class='ocr_carea' id='block_1_5' title="bbox 0 0 1856 5540">
    <p class='ocr_par' dir='ltr' id='par_1_12' title="bbox 0 0 1856 5540">
     <span class='ocr_line' id='line_1_41' title="bbox 0 0 1856 5540; baseline 0 3"><span class='ocrx_word' id='word_1_426' title='bbox 0 0 1856 5540; x_wconf 95' lang='lat' dir='ltr'><strong><em> </em></strong></span> 
     </span>
    </p>
   </div>
  </div>
 </body>
</html>
