3768 5544
658 475 779 532 ΗοιοΙΙΙο
794 475 828 530 Χ.
863 475 961 530 Jem
979 479 1021 546 11,
1039 477 1157 542 18-12,
1174 478 1199 533 9.
1541 487 1580 550 75

273 641 481 725 προφητεία;
503 634 582 710 οῦδὲ
603 643 806 712 διδασκαλία.
847 637 913 712 κόν
933 636 1085 730 μυριάκις
1105 649 1355 730 χρηματίζουσιν
1370 637 1448 731 παρ’
1464 639 1581 725 αὐτοῖς

187 743 255 804 2491
274 741 388 822 σοφοί,
421 733 484 808 οῦκ
511 741 602 810 ἐστιν
620 745 624 824 Ι
644 735 746 828 λόγος
771 746 890 826 κυρίου
915 741 967 810 ἐτι
992 743 1030 811 ἰν
1051 735 1181 824 αῦτοίς,
1211 744 1284 812 ἐπεί
1305 737 1515 831 πεπλήρωτο
1537 741 1579 814 τό

276 831 412 922 »όφελεί
435 835 549 926 κόριος
575 834 643 912 ἀπὸ
670 845 732 930 τῆς
754 835 913 922 Ἰουδαίας
937 846 993 910 καί
1020 835 1088 911 ἀπὸ
1111 845 1172 930 τῆς
1192 835 1399 929 Ἰερουσαλήμ
1419 839 1579 929 ἰσχύοντα

271 943 327 1007 καί
354 934 544 1024 ἰσχύουσαν,
574 946 714 1027 γίγαντα
739 945 795 1008 καί
821 936 981 1026 ἰσχύοντα
1001 947 1058 1010 καὶ
1079 938 1270 1026 ἄνθρωπον
1291 939 1501 1030 πολεμιστήν
1522 949 1579 1012 καί

236 1034 433 1125 ἐδικαστήν
461 1043 518 1108 καί
548 1036 731 1130 προφήτην
757 1045 813 1110 καί
839 1036 1029 1127 στοχαστήν
1054 1045 1110 1108 καί
1131 1038 1358 1130 πρεσβύτερον
1380 1046 1434 1110 καί
1456 1067 1579 1128 πεντη-

270 1129 461 1222 κόνταρχον
490 1142 546 1208 καὶ
576 1135 776 1226 θαυμαστόν
806 1137 995 1227 σύμβουλον
1028 1145 1084 1208 καί
1120 1138 1230 1228 σοφὸν
1264 1135 1487 1228 ἀρχιτέκτονα
1521 1149 1578 1212 καί

271 1233 414 1306 συνετὸν
435 1231 636 1327 οἷκροατήντ.
679 1234 792 1310 οῦκέτι
814 1240 906 1309 ἐστιν
926 1232 1005 1325 παρ’
1027 1233 1144 1320 αῦτσίς
1165 1236 1347 1326 δυνάμενος
1369 1243 1486 1311 εἰπεῖν·
1513 1236 1578 1324 »ῶς

270 1331 377 1421 σοφὸς
407 1329 616 1423 ἀρχιτέκτων
647 1345 806 1424 θεμέλιον
836 1343 1004 1409 τέθεικαι.
1055 1345 1239 1428 μετέβησαν
1269 1341 1303 1409 οί
1332 1333 1576 1426 ἀρχιτέκτονες,

269 1425 382 1522 ήλθον
411 1438 464 1505 ἐπί
496 1435 560 1526 τήν
590 1440 782 1527 ἐκκλησίαν,
818 1439 947 1526 ἔθηκαν
977 1435 1041 1510 τὸν
1071 1443 1231 1528 θεμέλιον
1260 1433 1386 1528 Ἰησοῦν
1418 1434 1577 1528 Χριστόν.

218 1551 252 1605 10
269 1531 386 1622 τούτῳ
407 1536 687 1625 ἐποικοδομοῦσιν
707 1543 764 1608 καὶ
786 1541 819 1609 οί
840 1534 911 1626 μετ’
934 1543 1089 1620 ἐκείνους.
1133 1551 1161 1610 5.
1187 1542 1242 1609 »ἐν
1257 1542 1361 1626 λιμῷι
1381 1527 1442 1608 οὖν
1458 1532 1476 1608 δ
1495 1535 1577 1622 λαὸς

268 1637 395 1715 ἐκεῖνος
421 1640 753 1726 ἐγκαταλελειμμένον
780 1639 874 1708 εἰσίν·
907 1634 1057 1724 »ἐπάξων
1086 1636 1148 1726 γὰρ
1170 1634 1223 1708 ἐπ’
1245 1632 1370 1720 αὐτοῦς
1395 1634 1499 1709 »κακὰ
1521 1641 1577 1708 ἐπὶ

268 1732 349 1816 τοῦς
369 1740 615 1817 κατοικοῦντας
635 1731 796 1806 Ἀναθῶθ
818 1741 856 1808 ἐν
877 1741 1022 1827 ἐνιαυτῷ
1045 1739 1254 1822 ἐπισκέψεως
1274 1733 1420 1808 αῦτῶνι.

354 1839 507 1916 »Δίκαιος
528 1833 566 1918 εἰ,
588 1832 690 1922 κύριε,
714 1829 769 1908 ότι
789 1831 1043 1926 ἀπολογήσομαι
1056 1833 1144 1926 πρός
1159 1859 1202 1908 σε.
1244 1835 1336 1926 πλὴν
1350 1833 1496 1926 κρίματό
1510 1863 1576 1923 μου

267 1929 404 2020 λαλήσω
425 1929 512 2022 πρός
533 1957 577 2004 σε.
619 1939 686 2022 <τί>
708 1927 764 2005 ότι
785 1931 865 2020 ὁδός
886 1931 1017 2019 όσεβῶν
1030 1931 1220 2020 εῦοδοῦται;
1241 1931 1434 2025 εόθήνησαν
1448 1931 1575 2018 πάντες

217 2048 248 2102 15
266 2034 299 2102 οί
320 2027 527 2116 ἀθετοῦντες
549 2029 784 2124 όθετήμαται;
814 2037 865 2108 ἐτι
884 2041 1062 2125 ζητοῦμεν,
1095 2041 1124 2108 εἰ
1145 2033 1276 2126 ἀγαθὸς
1297 2031 1316 2107 ό
1338 2033 1420 2118 θεός
1441 2039 1533 2107 ἐστιν
1555 2030 1576 2106 ό
1651 2059 1654 2066 ’

265 2127 328 2202 τὸν
351 2126 458 2219 νόμον
483 2139 539 2203 καί
567 2132 647 2216 τοῦς
668 2131 849 2225 προφήτας
870 2135 1041 2220 δεδωκῶς,
1073 2130 1223 2226 δρῶντες
1244 2129 1301 2207 ότι
1325 2130 1423 2218 »ὁδὸς
1444 2131 1575 2219 ἀσεβῶν

264 2226 458 2304 εῦοδοῦταιι
488 2238 543 2303 καὶ
567 2229 608 2304 οῦ
632 2231 767 2320 κολάζει
787 2234 868 2316 τοὺς
888 2230 1022 2320 ἇσεβεις.
1068 2232 1278 2324 »εδθὴνησαν
1296 2232 1423 2317 πάντες
1445 2238 1477 2306 οί
1499 2230 1576 2306 όθε·

265 2335 407 2415 τοῦντες
431 2327 657 2422 όθετήματοι.
693 2330 792 2407 αδτοί
816 2337 849 2407 σί
862 2334 951 2406 κατὰ
965 2341 1029 2407 τοῦ
1045 2339 1251 2424 δημιουργοῦ
1265 2341 1430 2423 λέγοντες,
1451 2340 1573 2423 δυσφη-

264 2435 408 2518 μοῦντες
438 2427 545 2503 αὐτόν
570 2429 793 2524 »εδθήνησαν,
824 2431 1062 2522 ἐφυτεύθησαν
1083 2443 1140 2506 καί
1161 2434 1409 2522 ἐρριζῶθησον,
1442 2437 1574 2506 ἐτεκνο-

213 2548 247 2606 20
264 2538 409 2619 ποίησαν
437 2535 507 2619 (καί
534 2535 714 2622 ἐποίησαν)
740 2528 904 2622 καρπόνι.
945 2528 1052 2616 πόσος
1077 2531 1208 2624 καρπὸς
1230 2539 1435 2622 Μαρκίωνος
1458 2560 1572 2606 τεκνο·

263 2625 484 2718 ποιήσαντος,
517 2627 624 2716 πόσος
646 2638 856 2716 Βασιλείδσυ,
886 2629 994 2716 πόσος
1018 2628 1260 2718 οῦαλεντίνου;
1290 2639 1394 2704 τοῦτο
1416 2631 1479 2723 γάρ
1501 2638 1572 2705 ἐστι

265 2725 306 2799 τὸ
332 2736 409 2818 περὶ
435 2735 510 2801 τῶν
531 2726 663 2817 ἀσεβῶν
683 2727 987 2822 προφητευόμενσν
1006 2737 1062 2802 καὶ
1085 2729 1265 2822 λεγόμενον
1287 2736 1324 2804 ἐν
1347 2739 1398 2824 τῷ
1424 2737 1571 2804 »ἐτεκνο-

264 2835 410 2917 ιιοίησαν
434 2835 490 2900 καί
515 2833 678 2922 ἐποίησαν
703 2826 865 2921 καρπόνι.
911 2831 1024 2921 »ἐγγὺς
1050 2831 1081 2903 εί
1107 2831 1147 2902 σῦ
1168 2838 1232 2904 τοῦ
1253 2830 1423 2919 στόματος
1445 2828 1570 2912 αὐτῶν,

178 2941 243 3001 250r
263 2924 383 3016 πόρρω
409 2934 445 3008 δὲ
471 2925 539 3001 ἀπὸ
567 2937 641 3002 τῶν
665 2936 671 3019 Ι
693 2939 832 3021 νεφρῶν
853 2927 998 3002 αῦτῶνι.
1042 2925 1243 3020 όνομόζουσι
1265 2931 1306 3004 τό
1326 2928 1431 3022 Ἰησοῦ
1452 2925 1569 3019 ὄνομα,

347 3132 438 3188 ttae.
456 3135 481 3199 3,
500 3135 573 3188 1-3.
591 3161 625 3172 -
646 3135 660 3188 7
680 3135 692 3188 Ι
710 3135 774 3190 Kor.
791 3137 814 3202 3,
828 3135 868 3191 10.
887 3163 918 3176 -
936 3135 1003 3200 θΙΙθ
1020 3133 1083 3206 vgl.
1101 3135 1190 3190 IKor.
1202 3135 1227 3202 3,
1241 3137 1280 3190 ll.
1300 3136 1339 3190 12.
1358 3165 1390 3176 -
1410 3135 1488 3194 let.
1506 3135 1569 3206 Vgl.

262 3215 414 3288 tFragm
433 3213 464 3284 ἐξ
481 3213 677 3290 ἀνεκιγράφου
694 3218 724 3272 in
742 3219 762 3274 C
780 3219 836 3288 (Gh
853 3219 886 3284 ΙΙ,
904 3220 960 3288 96);
983 3220 1022 3290 μή
1040 3217 1096 3292 γὰρ
1118 3213 1217 3291 ἕτερόν
1235 3215 1312 3275 ἐστιν
1329 3217 1419 3276 εἰπεῖν
1437 3223 1569 3293 δημιουρ-

261 3299 326 3372 γδν;
344 3301 395 3369 τήν
412 3299 527 3374 μακρὰν
545 3301 574 3358 δὲ
586 3304 660 3371 ζωὴν
672 3299 766 3360 αὐτῶν
777 3303 864 3376 λόγος
875 3305 1033 3374 παρίστησι.
1046 3301 1079 3358 τδ
1092 3301 1121 3360 δὲ
1133 3299 1354 3373 ἰτεκνοποίησαν
1365 3306 1414 3359 καί
1432 3301 1569 3373 ἐποίησαν

261 3382 373 3457 καρπὸν
409 3386 492 3454 δηλοῖ
522 3389 571 3442 καί
605 3392 663 3443 τῶν
698 3383 848 3460 αἰρετικῶν
878 3386 967 3444 πολὺν
998 3383 1136 3456 ἐσόμενον
1166 3386 1217 3444 τδν
1247 3385 1280 3444 ἐκ
1309 3395 1358 3458 τῆς
1391 3389 1569 3455 διδασκαλίας

260 3468 381 3542 καρπόν,
404 3464 433 3525 οί
453 3472 503 3526 καί
524 3469 716 3540 ὀνομάζοντες
736 3466 855 3542 Ἰησοῦν,
879 3470 930 3543 οὐχ
952 3467 993 3540 ὣς
1012 3475 1075 3545 χρη,
1093 3472 1193 3546 πόρρω
1210 3471 1395 3545 τυγχάνουσιν
1413 3471 1501 3530 αὐτοῦ
1517 3475 1569 3542 τήν

260 3549 401 3618 διάνοιαν,
427 3546 468 3620 ὥς
492 3554 566 3622 τινές
591 3573 685 3628 φασιν.
725 3557 788 3628 Vgl.
811 3555 858 3610 TU
880 3557 927 3612 NF
949 3559 973 3624 I,
991 3559 1020 3626 3,
1038 3560 1080 3613 42.
1114 3557 1178 3629 Vgl.
1204 3557 1277 3613 Hier.
1301 3559 1404 3614 Oomm.
1426 3560 1489 3614 925:
1515 3557 1569 3613 Sed

259 3637 367 3708 proprie
379 3641 476 3694 eontra
485 3639 636 3696 haereticos
646 3640 753 3703 dicitur.
766 3642 814 3711 qui
826 3659 888 3698 cum
897 3643 953 3696 sint
963 3641 1048 3712 impii,
1061 3642 1108 3698 via
1120 3660 1214 3698 eorum
1223 3645 1408 3714 prosperatum
1422 3644 1567 3714 generant·

260 3739 313 3791 quo
339 3721 410 3778 filios
436 3739 482 3778 οοε
508 3741 576 3792 quos
603 3724 633 3778 in
659 3726 765 3781 haeresi
787 3727 952 3797 deceperunt
1059 3727 1106 3795 qui
1129 3744 1191 3781 oum
1213 3727 1314 3781 Christi
1334 3743 1436 3782 nomen
1461 3726 1567 3796 saepius

259 3805 404 3876 replicent,
427 3807 611 3864 habitatorem
633 3825 712 3866 suum
734 3827 790 3866 non
806 3811 911 3866 habent
928 3811 1023 3866 Deum.
1046 3839 1074 3850 -
1102 3811 1180 3866 m.
1198 3810 1263 3882 Vgl.
1281 3811 1315 3866 de
1332 3827 1371 3865 or.
1389 3810 1431 3876 21,
1449 3813 1465 3865 3
1482 3809 1566 3880 (Orig.

259 3891 292 3958 11,
311 3892 369 3958 εει,
388 3893 463 3961 τοι).

344 4059 361 4114 l
382 4055 446 4116 οἰιδέ
462 4060 635 4131 διδασκαλία]
654 4061 747 4130 Neque
762 4062 899 4130 οιαρωίνί,
917 4077 1002 4130 mque
1018 4061 1136 4115 δοοίοικο
1153 4061 1186 4115 in
1202 4059 1308 4115 ῶιδαεα
1324 4060 1415 4128 aliqui
1430 4077 1565 4116 remam·

257 4146 324 4196 ηκιί
340 4141 378 4204 Η,
406 4143 548 4199 τὶείίείαὴίι
569 4145 672 4217 n'ohtig
693 4146 699 4213 Ι
721 4139 789 4218 παρ’
811 4142 915 4216 αὐτοῖς]
938 4146 989 4214 qui
1009 4145 1067 4199 siti
1087 4145 1263 4214 Ιοομιζταίίαοι
1285 4144 1430 4213 vindicant)
1447 4169 1481 4188 ==
1498 4137 1566 4218 παρ’

258 4219 391 4292 αὑτοῖςΗ
411 4229 416 4296 Ι
436 4227 455 4283 t
473 4230 652 4302 πεπλήρωτο]
671 4225 853 4302 ἐπεπλήρωτο
866 4231 905 4286 Lo
925 4231 929 4299 Ι
950 4231 969 4286 Ι
987 4227 1147 4301 ἰσχύουσαν]
1165 4236 1199 4293 -Ι-
1215 4230 1343 4284 virtutem
1356 4229 1450 4296 μοινίε,
1467 4233 1492 4282 εἰ
1508 4230 1565 4282 oir-

257 4314 341 4365 ίιιίεοε
358 4327 447 4380 aquae
463 4313 497 4380 H,
515 4312 658 4370 vielleioht
673 4313 775 4384 rieht'g
789 4317 794 4381 Ι
808 4313 826 4370 8
842 4313 1011 4386 μετέβησαν]
1030 4321 1062 4378 -Ι-
1075 4315 1109 4368 ab
1125 4315 1166 4368 εἰσ
1183 4313 1209 4368 Η
1225 4316 1229 4381 Ι
1245 4313 1285 4369 10
1303 4309 1435 4383 ἐκείνους]
1449 4319 1482 4376 -Ι-
1494 4313 1564 4381 (qui-

257 4395 422 4464 οιιικφιε..)
439 4397 609 4451 οταίιῦωτνπί
627 4396 652 4451 Η
672 4399 676 4466 Ι
697 4399 733 4455 11
754 4393 799 4454 ἐπ’
816 4396 928 4469 αὐτοὺς]
947 4399 1018 4458 <Η
1040 4397 1047 4468 Ι
1071 4399 1109 4456 14
1125 4399 1153 4453 τί
1171 4399 1208 4452 οο
1227 4397 1300 4452 LXX
1317 4397 1385 4465 ηαίδ
1401 4401 1440 4450 est
1456 4395 1483 4450 H
1501 4399 1506 4465 Ι
1526 4397 1563 4452 15

257 4471 298 4534 ἔτι
315 4480 463 4551 ζητοῦμεν]
480 4480 652 4546 &cattarum
669 4481 695 4536 Η
710 4483 714 4550 Ι
731 4483 767 4538 17
789 4479 823 4538 οὐ
839 4482 955 4551 κολάζει
971 4481 1038 4548 τοὺς
1056 4478 1177 4555 ἀσεβεῖς]
1194 4481 1269 4536 nillil
1284 4498 1328 4536 ιοε
1345 4481 1379 4534 at
1395 4497 1425 4534 εο
1438 4497 1491 4550 μισ
1507 4498 1563 4536 ιπε-

255 4563 310 4618 rito
326 4565 499 4620 meinardi
522 4565 527 4634 Ι
550 4565 718 4636 εἰθηνησαν]
737 4573 771 4632 -Ι-
787 4567 900 4621 εκῦαΗ
915 4568 919 4636 Ι
934 4567 976 4625 λθ
993 4569 1043 4623 καί
1064 4563 1203 4635 ἐποίησαν
1216 4565 1257 4620 Ru
1275 4565 1331 4636 vgt
1349 4565 1376 4620 Z.
1394 4567 1435 4634 24,
1454 4566 1563 4637 tm.

255 4643 286 4714 ἐξ
303 4641 392 4712 ἄνετα,
411 4649 491 4714 LXX,
509 4653 534 4704 εἰ
550 4650 670 4717 [ωωτικί
687 4650 713 4705 Η
728 4655 732 4720 Ι
747 4650 788 4706 24
805 4648 838 4706 τδ
856 4643 947 4721 Ἰησοῦ
964 4645 1066 4721 ὄνομα]
1083 4649 1178 4704 δεειιοι
1194 4649 1228 4704 Η.
