3694 5542
523 499 574 555 Die
591 501 755 570 Fragmenta
772 518 821 556 aus
838 502 887 556 der
904 501 1168 572 Prophetenkatene.
1441 507 1500 570 207

194 674 250 736 καὶ
277 663 341 736 τὸν
367 670 529 736 τοιοῦτον
554 662 725 738 άδάνατον
750 662 818 737 άπὸ
845 671 930 737 θεοῦ
955 671 1189 788 πληρωθῆναι,
1216 664 1263 754 μή·
1287 671 1361 736 τῶν
1384 663 1502 737 ἄλλων

196 772 271 836 τῶν
300 762 529 854 πληροάντοιν
559 761 826 855 απηλλαγμένον.
868 765 949 847 τούς
979 763 1041 854 γάρ
1067 762 1181 851 ἀξίους
1205 775 1354 886 πληροῖ
1378 767 1415 833 έν
1437 759 1501 834 σά·

196 869 307 954 ρανῷ
330 891 368 933 τε
390 869 446 932 καί
468 871 522 953 γῇ.
568 871 665 937 »τοῦτ
696 864 758 984 γὰρ
788 872 939 953 »κυρίουι
970 861 1089 952 0622‘
1070 893 1089 954 η
1105 871 1158 981 γῆ
1183 869 1238 935 καὶ
1265 861 1379 936 πάντα
1401 862 1503 934 τάέν

196 959 296 1052 αὐτῇ,
319 955 391 1034 ἀλλ’
417 958 498 1052 »ήγ
479 969 596 1051 γῆκαὶ
619 961 659 1034 τὸ
681 961 849 1084 πλήρορμα
871 960 1006 1053 αὕτῆςι,
1029 959 1077 1046 τάς
1099 955 1214 1035 ὄντων
1208 967 1272 1035 έν
1294 959 1379 1051 αὐτῇ
1395 990 1502 1034 τινων

159 1065 230 1184 5ρῖ
259 1061 304 1153 μὴ
335 1067 397 1133 εἰσὶ
423 1060 591 1153 πλήρωμα
618 1069 686 1153 γῆς.
708 1060 915 1185 πλήρωμα
926 1061 990 1154 γάρ
1016 1069 1078 1153 τής
1104 1069 1163 1153 γῆς
1191 1064 1223 1135 οί
1240 1067 1500 1152 πεπληρωμένοι

196 1159 265 1234 άπὸ
288 1168 351 1232 τοῦ
372 1158 543 1246 εἰπόντος·
567 1159 653 1250 οάχί
676 1161 748 1233 τὸν
769 1159 947 1250 οάρανόν
968 1170 1033 1233 καί
1061 1161 1134 1251 τήν
1156 1167 1227 1251 γῆν
1249 1164 1324 1251 έγώ
1347 1167 1502 1251 πληρῶ;

198 1269 305 1350 λέγει
325 1259 469 1352 κύριος.

595 1449 650 1515 Nr.
672 1451 753 1516 XIX
796 1452 911 1517 Jerem.
928 1457 976 1530 23,
990 1456 1039 1518 28.
1054 1457 1102 1518 29.

279 1621 344 1700 (94)
373 1606 504 1701 Ἐπειδὴ
530 1617 586 1682 καὶ
618 1615 651 1683 σί
672 1617 956 1703 ψευδοπροφῆται
982 1608 1182 1701 ἀπεχρῶντο
1210 1620 1262 1704 τῷ
1294 1608 1394 1684 »τάδε
1417 1617 1502 1699 λέγει

146 1725 180 1777 10
196 1712 340 1799 κάριοςι,
365 1711 445 1794 τοέις
467 1708 606 1798 άληθεις
621 1708 802 1801 προφήτας
817 1707 1086 1801 άποκρινόμενοι,
1109 1713 1174 1784 ἔδει
1189 1718 1337 1802 σημείων
1353 1716 1500 1782 διαστελ-

197 1809 337 1884 λόντοον
361 1813 546 1899 ἑκατέρους.
589 1802 632 1900 ήν
662 1817 723 1900 μὲν
753 1803 824 1896 οὖν,
855 1810 943 1883 κατὰ
969 1811 1032 1883 τόν
1060 1808 1264 1896 ἀπόστολον,
1296 1807 1503 1900 πνευμάτων

198 1918 394 2000 διακρίσεως
425 1907 580 1999 χάρισμα,
610 1918 666 1981 καί
699 1905 717 1982 6
748 1918 853 1983 τοῦτο
885 1914 972 1999 έχων
1003 1915 1148 1999 διέκρινε
1176 1909 1367 2000 πνεύματα,
1395 1907 1437 1980 τά
1466 1938 1504 1980 τε

197 2021 274 2081 θεῖα
305 2003 389 2081 ὄντα
419 2017 474 2082 καὶ
510 2009 553 2081 τά
583 2007 733 2098 πονηρά,
759 2007 916 2099 καθάπερ
944 2007 1191 2101 άργυραμοιβός
1222 2009 1263 2081 τὸ
1292 2005 1434 2098 νόμισμα
1462 2008 1503 2080 τὸ

197 2105 337 2198 δόκιμόν
359 2138 396 2181 τε
417 2117 472 2180 καί
493 2117 663 2200 κίβδηλον.
704 2118 808 2198 χωρίς
830 2116 865 2181 δὲ
887 2115 949 2198 τῆς
971 2115 1157 2199 καθολικῆς
1178 2107 1364 2198 ἐπιστήμης
1384 2116 1440 2180 καί
1462 2109 1503 2180 τὸ

147 2221 180 2276 15
199 2215 260 2279 νῦν
282 2214 457 2298 εἰρημένον
478 2204 574 2297 άρκει
592 2208 679 2300 πρὸς
701 2206 873 2297 διάκρισιν.
916 2203 935 2280 6
958 2208 1020 2298 γάρ
1047 2205 1165 2298 λόγος
1190 2237 1281 2299 μου,
1305 2216 1440 2299 φησίν,
1463 2205 1504 2280 06

197 2306 349 2428 διάκορος
384 2316 441 2379 καὶ
480 2305 646 2398 τρόφιμος
686 2304 839 2397 άλόγων,
870 2305 1080 2380 ἀλλ”οίονεὶ
1117 2328 1227 2392 σῖτος
1262 2315 1318 2380 καὶ
1355 2315 1503 2396 λογικῶν

197 2435 319 2496 τροφη.

603 2595 659 2661 Nr.
681 2596 749 2660 XX.
790 2596 905 2661 Jerem.
919 2601 969 2674 23,
984 2600 1032 2663 28.
1048 2601 1096 2662 29.

280 2763 344 2841 (95)
378 2764 417 2828 Τί
443 2763 480 2828 δὲ
507 2756 552 2828 τὸ
580 2757 729 2846 ἄχυρον
756 2755 854 2846 πρὸς
882 2755 953 2846 τὸζν
979 2775 1094 2827 σῖτον
1120 2757 1222 2841 εἶπεν,
1248 2751 1323 2828 ἀλλ’
1345 2752 1387 2828 06
1418 2757 1504 2846 πρὸς

144 2877 180 2931 20
197 2851 334 2943 κριθήν·
370 2861 543 2945 παρέθηκε
580 2855 642 2946 γάρ
678 2852 697 2928 6
732 2855 846 2945 κύριος
878 2855 1017 2944 ἄρτους,
1050 2855 1131 2938 τούς
1151 2861 1212 2944 μὲν
1232 2863 1407 2944 κριθίνους
1431 2875 1503 2938 τοῖς

197 2950 441 3077 άλογορτέροις,
469 2955 550 3038 τοὺς
572 2960 607 3026 δὲ
628 2964 791 3077 πυρίνους
814 2973 884 3038 τοῖς
907 2965 1063 3044 λογικοῖς.
1106 2953 1236 3027 διὸκαὶ
1258 2960 1321 3026 νῦν
1342 2951 1404 3028 οὐκ
1426 2957 1503 3077 ἔφη·

198 3062 235 3124 τί
270 3053 315 3126 τὸ
349 3052 499 3144 άχυρον
529 3055 616 3143 πρὸς
646 3053 710 3177 τήν
743 3053 882 3143 κριθήν,
917 3050 1005 3125 άλλά
1041 3053 1140 3141 πρὸς
1176 3051 1249 3126 τὸν
1281 3072 1410 3138 οιτον,
1440 3053 1504 3144 τήν

197 3151 338 3242 λογικὴν
361 3149 507 3243 άκριβῶς
528 3153 745 3244 παραστήσας
767 3151 910 3244 τροφήν.
947 3155 1017 3223 ἔστι
1038 3158 1074 3223 δὲ
1094 3159 1151 3223 καί
1173 3153 1257 3224 άλλο
1280 3170 1425 3241 σημεῖον,
1449 3146 1504 3226 ότι

197 3256 230 3323 οί
260 3250 355 3372 λόγοι
383 3262 501 3343 κυρίου
539 3252 592 3336 αίς
621 3260 744 3340 πέλυξ
772 3250 939 3325 κόπτων
969 3258 1130 3342 πέτραν
1173 3244 1259 3324 όταν
1289 3245 1309 3323 6
1336 3247 1504 3372 ἀκροατής

144 3375 178 3431 25
197 3348 413 3442 ἐλεγχόμενος
441 3362 575 3443 καίηται
606 3350 696 3425 αιστε
731 3359 851 3443 λέγειν·
884 3348 1021 3441 »0626‘
1002 3381 1022 3442 η
1048 3357 1168 3440 καρδία
1192 3379 1258 3439 μου
1278 3343 1478 3442 καιομένη
1461 3381 1504 3448 ην

197 3456 233 3522 έν
255 3456 363 3574 έμοίι),
399 3459 477 3543 πῦρ
503 3461 558 3524 καὶ
585 3449 695 3534 σῖτός
722 3447 860 3525 έοτιν“
842 3481 860 3524 ο
888 3451 1000 3539 λόγος·
1030 3457 1058 3523 εἰ
1085 3457 1121 3523 δὲ
1143 3455 1303 3572 τέρπεται
1330 3479 1403 3523 των
1424 3449 1502 3522 καθ’

198 3547 362 3640 ήδονήν’
340 3552 568 3642 ακροοίμενος,
579 3583 600 3622 α
606 3579 712 3640 χυρα
741 3548 829 3625 αλλα
838 3557 925 3640 <και>
935 3556 1059 3637 πέλυξ
1072 3545 1199 3621 στίν
1179 3579 1199 3622 ο
1215 3578 1278 3622 του
1262 3556 1378 3622 θεοῦ
1393 3546 1503 3640 λόγος,

198 3647 239 3720 06
274 3648 356 3736 ξύλα
390 3647 498 3740 μόνον
534 3650 678 3735 δυνατὸς
708 3648 793 3723 άλλά
823 3657 879 3721 καί
909 3656 1061 3740 πέτραν
1091 3657 1221 3735 διελειν,
1251 3647 1293 3722 06
1323 3650 1387 3740 τήν
1416 3649 1503 3722 κατά

197 3747 350 3837 Χριστὸν
376 3757 578 3839 νοουμένην,
600 3746 689 3824 άλλά
709 3755 720 3841 ΙΙ
741 3752 805 3841 τήν
832 3755 992 3823 ἐναντίαν
1014 3748 1057 3842 ἣν
1079 3754 1130 3820 δεῖ
1149 3754 1331 3839 τέμνεσθαι
1351 3749 1439 3822 κατά
1462 3748 1503 3822 τό
1525 3763 1575 3818 303

144 3871 179 3925 30
200 3846 496 3938 »συντριβήσονται
517 3855 640 3938 πέτραι
661 3850 812 3922 ἐνώπιον
833 3858 982 3938 κυρίουι.

281 4050 339 4112 ιιι
361 4051 433 4108 Ριιι.
449 4053 490 4118 23,
510 4055 531 4105 1.
550 4015 582 4092 -’
600 4054 620 4109 ο
639 4053 702 4124 vgl.
719 4053 818 4108 serm
835 4055 860 4117 ε,
876 4055 892 4108 2
909 4073 935 4109 u.
948 4061 972 4109 ι.
994 4083 1026 4094 -
1044 4053 1099 4111 οιι.
1117 4051 1179 4120 vgl.
1197 4051 1305 4121 olymp.
1322 4051 1377 4120 (oh
1389 4051 1423 4118 11,
1435 4051 1504 4120 τεο).

196 4135 326 4194 -1611,
349 4135 411 4204 Vgl.
429 4135 510 4191 Philo
527 4135 562 4190 de
579 4140 646 4208 sept.
665 4136 702 4204 ΙΙ,
720 4136 819 4193 294Μ.
851 4137 913 4208 Vgl.
930 4137 1004 4193 Hier.
1023 4136 1300 4194 eomm.1005.1006.
1323 4165 1357 4175 —
1380 4136 1421 4191 20
1440 4135 1504 4206 Vgl.

197 4219 256 4274 Joh.
269 4221 294 4287 6,
307 4221 332 4275 9.
344 4221 385 4275 13.
404 4250 435 4260 -
455 4221 491 4276 25
509 4221 576 4274 Luk
589 4223 631 4286 24,
649 4222 690 4276 32,
708 4251 742 4261 -
760 4221 800 4278 28
819 4220 882 4290 vgl.
901 4223 992 4278 IKOr.
1013 4224 1051 4286 10,
1070 4225 1144 4275 4.-
1163 4221 1204 4277 80
1220 4219 1318 4275 Judith
1336 4221 1376 4282 16,
1396 4219 1471 4276 15λὶ)

282 4404 300 4459 2
319 4400 544 4474 ἀπηλλαγμένων
561 4421 578 4460 ο
596 4424 629 4460 w.
643 4421 665 4458 ε.
679 4405 734 4458 soh.
754 4405 759 4472 Ι
780 4406 797 4460 5
818 4403 866 4472 μὴ]
884 4403 937 4473 μὲν
955 4404 1007 4458 οΙο
1021 4404 1027 4471 Ι
1043 4401 1105 4473 εἰσί]
1124 4403 1168 4459 εία
1184 4422 1201 4458 ο
1216 4404 1221 4471 Ι
1236 4404 1504 4475 πλῆρωμαλ-γηςῖ]

196 4497 229 4548 <
247 4505 263 4543 0
283 4492 288 4556 Ι
308 4488 328 4544 θ
345 4494 385 4559 τῷ
402 4488 414 4541 l
431 4486 464 4545 τδ
483 4505 519 4543 οο
535 4491 539 4559 Ι
557 4489 593 4546 13
612 4487 656 4557 τὰ]
676 4497 709 4547 <
728 4505 744 4543 ο
764 4490 768 4554 Ι
788 4484 1001 4560 ἀργυρόμοιβος
1018 4506 1033 4542 υ
1052 4493 1055 4554 Ι
1076 4489 1115 4544 Ιθ
1136 4487 1175 4557 Τί]
1194 4505 1314 4557 anonym
1332 4504 1377 4540 nm
1395 4487 1506 4556 Ansang

195 4572 221 4626 d.
243 4572 316 4628 Seite
333 4573 422 4642 0120
439 4573 585 4646 κριθίνους
607 4573 618 4627 1
635 4573 789 4644 κριθὴνσις
806 4588 842 4627 οο
856 4573 861 4640 Ι
878 4571 917 4627 24
934 4572 1035 4628 κδιιειν
1053 4590 1069 4628 ο
1084 4573 1088 4638 Ι
1105 4567 1183 4640 ίτανΙ
1202 4567 1252 4626 ἐὰν
1270 4588 1287 4626 ο
1302 4572 1307 4639 Ι
1323 4571 1359 4626 25
1377 4567 1410 4640 ίγν
1427 4590 1505 4626 καιο-

195 4654 266 4727 μένη
284 4657 376 4724 0120
393 4656 429 4728 εί]
447 4657 463 4727 Ι
481 4674 497 4712 υ
511 4660 515 4726 Ι
531 4657 664 4729 τέρπεται
681 4657 692 4709 l
709 4654 846 4728 τέρπηται
863 4672 900 4710 co
915 4656 920 4723 Ι
936 4655 973 4712 27
993 4658 1042 4712 καί
1059 4655 1138 4710 ΒΙαεε
1151 4655 1315 4710 Κοείεαλιεα
