3768 5544
321 461 360 524 88
764 455 903 527 Origenos'
923 455 1184 512 Jeremiahomilien.

319 625 426 691 τοῦτο
456 639 599 702 ποιεῖτε,
631 613 747 702 ὁσάκις
777 618 837 691 ἐὰν
867 628 1005 708 πίνητε,
1037 622 1083 702 είς
1109 618 1174 708 τὴν
1201 619 1284 709 ἔμὴν
1311 615 1534 708 ἀνάμνησινι,
1561 627 1629 690 καί·

322 715 429 808 »ἀμὴν
451 727 539 809 λέγω
561 715 649 808 ύμῖν,
674 716 714 791 ού
735 719 779 810 μὴ
802 729 872 793 πίω
895 716 979 792 αύτδ
1002 716 1157 792 ἀπὸτοῦ
1179 725 1251 804 νῦν,
1276 720 1340 802 ἔως
1362 715 1446 790 αύτὸ
1468 729 1538 792 πίω
1554 716 1630 810 μεθ’

318 816 415 908 ύμῶν
436 816 557 889 καινὸν
579 823 616 890 ἔν
638 827 682 908 τῇ
703 828 852 912 βασιλείᾳ
870 825 934 892 τοῦ
954 825 1069 893 θεοῦι.

400 911 493 1010 Ὁρᾷς
515 917 581 1007 τὴν
603 923 806 1008 ἐπαγγελίαν
828 917 869 990 τὸ
889 917 1060 1010 ποτήριον
1079 925 1158 1008 »τῆς
1172 925 1291 1009 καινῆς
1307 916 1490 1008 διαθήκης(
1515 911 1629 1004 οὖσαν,

285 1033 300 1086 5
319 1012 401 1110 άρᾷς
422 1017 484 1102 τάς
506 1015 663 1102 κολάσεις
685 1017 854 1110 ποτήριον
879 1025 976 1092 οίνου
991 1015 1152 1108 ἀκράτου,
1178 1027 1234 1090 καί
1249 1017 1336 1092 ἄλλο
1351 1020 1441 1102 είδος
1454 1017 1630 1102 κολάσεως

197 1153 200 1158 >
235 1129 286 1186 257
317 1116 488 1208 ποτήριον
517 1126 776 1210 κεκερασμένου·
804 1117 892 1191 ῶστε
916 1116 1048 1210 ἑκάστῳ
1078 1127 1260 1210 κίρνασθαι
1289 1119 1377 1190 κατὰ
1407 1117 1472 1209 τὴν
1499 1125 1504 1208 Ι
1533 1115 1629 1206 ἀξίαν

317 1223 379 1306 τῆς
414 1224 560 1308 χρηστῆς
584 1225 595 1309 ΙΙ
618 1216 776 1309 πράξεως
812 1216 1078 1309 ἀναμεμιγμένης
1111 1225 1268 1312 μοχθηρᾷ
1304 1216 1423 1309 πράξει
1454 1214 1475 1288 ά
1506 1227 1628 1291 πίεται.
1651 1235 1700 1291 195

317 1315 388 1390 νόει
419 1324 457 1389 δέ
483 1347 541 1408 μοι
571 1319 653 1402 τοῦς
682 1325 744 1408 μέν
773 1317 888 1407 πάντη
920 1315 1124 1408 ἀλλοτρίους
1150 1324 1212 1408 τῆς
1234 1327 1428 1405 θεοσεβείας
1449 1325 1505 1390 καὶ
1527 1325 1629 1410 μηδα-

316 1424 389 1506 μῶς
404 1426 634 1507 προσέχοντας
650 1416 774 1504 αδτοίς,
791 1414 871 1491 ἀλλ>
887 1415 935 1500 ῶς
948 1420 1041 1506 ἔτυχε
1058 1425 1199 1505 ζῶντας.
1214 1427 1382 1502 πίνοντας
1396 1417 1460 1490 τὸν
1475 1415 1628 1508 άκρατον

267 1535 300 1590 10
318 1519 416 1590 οίνον
443 1525 520 1608 περὶ
543 1509 584 1591 οῦ
606 1524 827 1608 παρεθέμεθα
849 1517 892 1589 τὰ
915 1514 983 1589 ἀπὸ
1006 1523 1070 1590 τοῦ
1090 1513 1258 1608 Ἱερεμίου,
1285 1519 1368 1602 τοὺς
1390 1517 1491 1608 δὲμὴ
1514 1515 1627 1606 πάντη

318 1613 538 1701 ἀποστάντας
567 1626 623 1691 καί
653 1614 892 1708 ἀμαρτωλούς,
926 1612 1004 1689 ἀλλ’
1036 1613 1226 1706 ἀ<να>ξίους
1256 1624 1320 1690 τοῦ
1350 1625 1520 1707 ποτηρίου
1549 1623 1628 1707 »τῆς

316 1723 435 1806 καινῆς
466 1717 661 1808 διαθήκηςι,
691 1723 878 1801 ποιοῦντας
909 1711 967 1788 δτὲ
997 1723 1057 1806 μὲν
1086 1726 1312 1807 χρηστοτέρας
1334 1712 1393 1789 ὁτὲ
1415 1723 1450 1789 δὲ
1472 1719 1628 1799 ίναντίας

317 1814 501 1906 (πράξεις),
524 1820 623 1891 οίνον
654 1826 822 1899 πίνοντας
855 1813 1023 1906 »ἀκράτου
1052 1815 1294 1906 κεράσματοςι·
1334 1818 1480 1888 »ἔκλινει
1513 1816 1576 1906 γάρ
1607 1811 1627 1888 δ

316 1916 399 1999 θεὸς
432 1922 486 1988 »ἔκ
511 1916 641 1991 τούτου
667 1924 713 2001 ε’ίς
737 1923 873 1990 τοῦτοι.
916 1925 1012 2000 τίνος
1041 1916 1224 2002 »τούτους
1254 1915 1314 1988 δύο
1341 1914 1489 2006 ποτήρια
1510 1922 1625 2003 βλέπω

265 2025 299 2077 15
315 2015 403 2088 κατὰ
431 2016 473 2089 τὸ
501 2013 698 2106 λεγόμενον·
733 2019 883 2090 »ἔκλινεν
910 2022 946 2088 ἔκ
976 2015 1106 2090 τούτου
1134 2023 1181 2100 είς
1202 2022 1308 2089 τοῦτο
1330 2016 1424 2106 πλὴν
1446 2011 1465 2088 ά
1487 2025 1627 2106 τρνγίας

316 2111 423 2187 αύτοῦ
459 2113 521 2188 ούκ
555 2117 775 2206 ἔξεκενῶθηι.
822 2113 894 2188 νάει
928 2146 986 2207 μοι
1017 2115 1058 2188 τὸ
1089 2114 1258 2206 ποτήριον
1289 2121 1363 2188 τῶν
1390 2112 1534 2206 ἀγαθῶν
1565 2141 1627 2189 σου

316 2217 427 2303 ἔργων
450 2220 487 2287 ἔν
508 2222 552 2304 τῇ
573 2221 631 2309 μιᾷ
651 2223 735 2306 χειρί
751 2223 814 2288 τοῦ
830 2222 929 2288 θεοῦ·
967 2219 995 2288 εί
1010 2221 1045 2287 δὲ
1060 2214 1173 2302 βούλει
1187 2213 1441 2306 τολμηράτερόν
1455 2245 1494 2306 με
1510 2220 1625 2300 εἰπεῖν,

316 2316 404 2402 ἔστω
434 2317 471 2384 ἐν
498 2322 540 2404 τῇ
567 2321 660 2408 δεξιᾷ
685 2322 769 2406 χειρί
797 2323 860 2388 τοῦ
881 2321 967 2388 θεοῦ
988 2314 1029 2387 τὸ
1052 2314 1220 2406 ποτήριον
1242 2323 1315 2387 τῶν
1336 2319 1447 2408 ἔργων
1469 2339 1530 2387 σου
1551 2321 1625 2387 τῶν

317 2410 470 2502 ἀγαθῶν,
494 2416 566 2487 είτα
580 2417 670 2487 ἔστω
685 2414 727 2487 τὸ
741 2411 911 2506 ποτήριόν
926 2440 988 2488 σου
1003 2422 1076 2487 τῶν
1090 2411 1344 2506 ἁμαρτημάτων
1358 2421 1395 2487 ὲν
1410 2422 1453 2504 τῇ
1467 2410 1625 2508 ἀριστερᾷ

264 2527 298 2584 20
315 2520 399 2603 χειρί
429 2521 495 2588 τοῦ
524 2521 618 2586 θεοῦ.
662 2509 747 2586 ὅταν
779 2507 841 2587 οὖν
870 2523 994 2605 μέλλης
1022 2513 1228 2604 κολάζεσθαι
1250 2514 1305 2589 διά
1326 2514 1369 2586 τά
1390 2511 1624 2605 ἁμαρτήματα,

316 2617 388 2686 ἔπεί
418 2621 474 2685 καί
501 2611 712 2704 χρηστάτερά
735 2639 788 2688 σοι
811 2617 890 2704 ἔργα
911 2622 1102 2706 γεγένηται,
1133 2614 1302 2705 ποτήριον
1328 2620 1382 2686 »ἔν
1404 2622 1487 2705 χειρὶ
1507 2623 1625 2701 κυρίου

315 2717 407 2784 ἔστὶν
439 2719 537 2787 οίνου
567 2711 719 2805 ἀκράτου
738 2720 866 2804 πλῆρες
886 2712 1107 2804 κεράσματος·
1137 2720 1193 2785 καί
1216 2717 1348 2787 ἔκλινεν
1369 2720 1406 2786 ἐκ
1427 2713 1556 2788 τούτου
1577 2720 1624 2797 είς

314 2819 450 2898 τοῦτοι,
478 2819 514 2886 έκ
541 2821 605 2888 τοῦ
626 2820 664 2887 ἔν
685 2822 728 2904 τῇ
751 2811 908 2908 ἀριστερᾷ
930 2820 977 2897 εἰς
999 2813 1040 2886 τὸ
1063 2819 1100 2886 έν
1122 2823 1164 2902 τῇ
1186 2820 1285 2907 δεξιᾷ.
1330 2806 1410 2887 ούτε
1431 2815 1494 2906 γὰρ
1515 2812 1625 2904 μόνον

314 2911 453 2986 δύνασαι
479 2932 569 2986 πιεῖν
595 2913 636 2986 τὸ
660 2921 733 2984 τῶν
760 2912 903 3004 ἀγαθῶν
924 2911 1106 3003 ποτήριον,
1133 2910 1180 2996 ῶς
1208 2910 1249 2986 ού
1274 2909 1382 3002 μόνον
1409 2910 1522 3004 ἀγαθά
1544 2916 1624 3004 ἔργα

262 3024 296 3080 ‘25
313 3013 521 3101 πεποιηκώς,
545 3005 624 3086 ούτε
646 3013 785 3085 δύνασαι
803 3033 893 3086 πιεῖν
907 3011 1016 3104 μόνον
1031 3011 1072 3084 τὸ
1087 3020 1160 3084 τῶν
1176 3008 1429 3103 ἁμαρτημάτων
1443 3010 1621 3103 ποτήριον,

310 3114 439 3202 χρηστά
465 3111 529 3204 γάρ
556 3138 609 3185 σοι
635 3119 828 3202 πέπρακταί
854 3143 941 3185 τινα.
983 3112 1037 3184 διὰ
1064 3121 1170 3185 τοῦτο
1195 3115 1345 3185 »ἔκλινεν
1367 3117 1404 3184 ἔκ
1426 3113 1554 3187 τούτου
1575 3118 1623 3195 είς

313 3218 450 3284 τοῦτοι.
492 3212 579 3285 κατά
605 3213 670 3304 τὴν
698 3210 883 3303 ἀναλογίαν
905 3220 979 3284 τῶν
1001 3215 1111 3303 ἔργων
1134 3233 1194 3285 σου
1215 3219 1373 3301 κίρναταί
1394 3237 1449 3285 σοι
1471 3207 1490 3284 ὁ
1513 3211 1622 3303 θυμὸς

313 3317 369 3382 καί
391 3308 412 3402 ἡ
433 3309 582 3396 κόλασις,
606 3317 661 3386 ίνα
684 3314 761 3404 ἦτοι
782 3311 1008 3402 ύδαρέστερον
1028 3311 1071 3384 τὸ
1093 3318 1156 3401 τῆς
1177 3305 1387 3400 κολάσεωςῇ
1404 3338 1457 3384 σοι
1472 3309 1493 3402 ἢ
1510 3312 1621 3403 δριμύ-

227 3430 295 3486 257v
313 3439 417 3499 τερον
445 3419 500 3482 καὶ
522 3412 789 3500 ἔπιπονῶτερον.
828 3413 916 3485 κατὰ
939 3413 1004 3503 τὴν
1035 3410 1228 3502 ἀναζλογίαν
1257 3410 1329 3501 γάρ,
1366 3411 1415 3495 ῶς
1443 3433 1620 3499 προεῖπον.

262 3519 296 3574 30
314 3516 388 3580 τῶν
418 3506 670 3602 ἁμαρτημάτων
700 3522 974 3603 συγκρινομένων
1004 3533 1077 3596 τοῖς
1105 3510 1247 3599 ἀγαθοῖς
1273 3507 1477 3600 ἀμβλύνεταί
1502 3507 1621 3601 πωςιΙ

314 3605 376 3680 ούκ
397 3605 600 3699 ἀμβλύνεται
622 3608 641 3685 ὁ
664 3609 731 3686 ἀπὸ
762 3620 827 3685 τοῦ
856 3621 1027 3703 ποτηρίου
1048 3618 1109 3702 τῆς
1132 3605 1234 3700 ἀργῆς
1259 3621 1280 3697 †
1303 3618 1421 3714 ποσῶς
1445 3618 1621 3702 διδομένης

397 3763 424 3822 4.
437 3765 472 3820 11
497 3765 561 3836 Vgl.
581 3765 681 3822 Matth.
698 3769 743 3834 26,
761 3770 803 3825 28.
828 3799 861 3808 -
886 3771 902 3825 5
925 3769 989 3839 Vgl.
1011 3769 1109 3824 Jerem.
1127 3769 1172 3832 32,
1192 3770 1215 3822 1.
1234 3769 1301 3824 -6
1320 3767 1383 3838 Vgl.
1401 3765 1564 3830 Psal.74‚9.
1588 3800 1620 3809 —

312 3849 384 3906 ῙΒΠ.
393 3849 435 3904 Ρε.
449 3852 489 3917 74,
502 3851 527 3907 9.
539 3882 572 3891 -
584 3852 621 3908 21
636 3853 708 3907 Psal.
721 3855 762 3918 74,
775 3855 799 3911 9.
811 3884 845 3894 -
858 3853 935 3911 m.
946 3853 1011 3924 Vgl.
1023 3853 1052 3907 in
1064 3854 1076 3907 I
1087 3853 1150 3908 Kor.
1160 3855 1185 3918 9,
1194 3853 1227 3908 23
1240 3853 1309 3922 (Cat.
1320 3851 1407 3907 Uram.
1417 3851 1451 3916 V,
1461 3853 1519 3919 180,
1529 3854 1562 3909 33
1568 3854 1619 3920 ff.):

312 3925 378 3988 ἀλλ’
399 3929 461 4006 ἔρεῖ
478 3953 521 4001 τις
541 3942 598 3992 τῶν
621 3934 798 3994 ἀκουόντων·
821 3933 837 3991 δ
856 3939 918 4010 βίος
935 3956 991 4005 μου
1007 3937 1108 4006 μικτὸς
1125 3934 1212 3993 ἐστιν’
1236 3931 1301 3992 οὔτε
1320 3934 1413 3992 πάντα
1431 3942 1506 3992 ποιῶ
1524 3935 1569 3992 διὰ
1587 3936 1619 3992 τὸ

311 4013 498 4088 Εδαγγέλιον·
528 4013 592 4078 οδτε
619 4019 712 4078 πάντα
739 4029 813 4078 ποιῶ
839 4020 883 4078 διὰ
910 4023 960 4091 τὴν
982 4017 1124 4096 ἁμαρτίαν
1150 4023 1199 4078 καί
1220 4023 1271 4090 τὴν
1293 4020 1405 4091 ἡδονήν.
1440 4019 1512 4092 πρὸς
1534 4029 1619 4078 τοῦτο

312 4103 452 4172 φήσομεν·
470 4112 559 4160 ταῦτα
577 4101 594 4160 δ
614 4105 684 4172 Θεδς
700 4104 735 4162 τὰ
752 4108 878 4178 κρίματα
895 4099 961 4177 ἔχει.
979 4136 1012 4146 -
1032 4106 1068 4162 26
1085 4105 1148 4176 vgl.
1166 4107 1239 4160 Psal.
1253 4108 1293 4172 74,
1305 4109 1329 4162 9.

396 4222 424 4277 θ.
443 4221 480 4279 27
499 4223 652 4294 κίρνασθαι
671 4242 697 4279 ιι.
714 4227 847 4296 κίρναται
866 4223 947 4280 ΒΙαειι
965 4224 1031 4294 (vgl.
1049 4223 1074 4278 S.
1093 4226 1134 4290 86,
1146 4225 1190 4292 26)
1213 4227 1366 4294 κιρνᾶσθαι
1383 4241 1409 4278 u.
1427 4229 1558 4297 κιρνᾶται
1575 4226 1593 4280 S
1613 4227 1616 4295 Ι

310 4305 327 4360 θ
345 4301 451 4374 αὐτοῖς]
470 4303 567 4372 αύτοϊς
585 4307 602 4361 S
626 4308 630 4374 Ι
655 4308 691 4363 11
711 4305 845 4376 ἀναξίους
856 4309 900 4364 Ηυ
918 4309 990 4363 nach
1007 4307 1045 4362 H:
1068 4309 1182 4374 ιἰιιίιζηιιί
1204 4311 1206 4376 Ι
1231 4309 1271 4365 18
1288 4306 1404 4380 πράξεις
1416 4308 1458 4362 Ru
1475 4327 1556 4378 opera
1570 4309 1593 4363 H
1613 4310 1617 4378 Ι

311 4391 351 4445 14
368 4393 445 4457 τίνος
461 4390 586 4461 wizam]
611 4392 684 4458 Quid
700 4399 739 4447 ωί
757 4393 875 4462 ηαοιίοίί,
893 4412 925 4448 σω
937 4394 985 4448 Ιιοο
997 4394 1029 4446 εἰν
1040 4393 1110 4447 illud
1122 4393 1155 4460 Η,
1174 4392 1504 4464 vielleiohtriohti3124
1523 4391 1566 4462 ού]
1585 4403 1618 4452 <

309 4473 335 4526 H
350 4476 355 4542 Ι
371 4475 409 4532 20
425 4475 527 4532 τούτου
539 4476 578 4530 (ίο
595 4479 709 4533 τοῦτοὸ
725 4479 729 4544 Ι
745 4477 832 4544 21128
849 4477 1091 4548 κατὰ-κόλασις]
1109 4488 1142 4538 <
1154 4479 1180 4532 Η
1199 4479 1203 4546 Ι
1224 4477 1260 4533 2⁰
1276 4479 1326 4532 καί
1343 4474 1567 4550 ἐπιπονώτερον]
1585 4487 1618 4536 <

309 4559 484 4628 11180—8.
502 4565 571 4630 89,1
590 4559 802 4635 ἀμβλύιέται-
815 4559 874 4633 έδιν]
897 4567 946 4617 aul
962 4563 1127 4617 οδίιιιιτίοίιιι·
1144 4563 1204 4616 irae
1221 4563 1331 4616 divinae
1347 4563 1466 4629 αταίοιω,
1489 4567 1538 4616 aut
1554 4578 1616 4616 ουσ-

317 4649 423 4701 cuntur.
454 4645 488 4699 Si
504 4647 529 4700 H
544 4649 549 4714 Ι
564 4647 601 4703 111
623 4645 717 4718 ὀργῆς]
728 4655 760 4712 -Ι-
774 4641 882 4719 <οίνος>
901 4647 980 4702 ΒΙαεε
997 4647 1072 4703 Diels
1090 4647 1186 4703 Riedel
1203 4654 1236 4711 -Ι-
1254 4647 1373 4718 <ιιόνος>
1393 4647 1556 4704 Καείεοίτκο.
