3694 5542
544 453 594 510 Die
610 454 775 525 Fragmenta
793 473 841 512 σοι
859 456 909 511 der
925 456 1193 527 Prophetenkatene.
1463 465 1523 527 203

215 623 285 706 τῆς
311 614 412 705 πρὸς
439 614 577 702 νότον,
604 623 666 707 τῆς
692 614 921 708 ἀντικειμένης
942 625 994 709 τῷ
1017 616 1086 691 α’πδ
1108 625 1213 708 βορρᾶ
1234 625 1384 692 πνέοντι.
1427 610 1524 690 οῦτοι

215 716 279 804 γὰρ
304 724 361 786 καὶ
390 723 518 788 οἴσουσι
543 724 688 788 θυσίαν
712 713 824 806 >όγίαν
851 713 1031 808 εῦόρεστον
1053 749 1103 809 τω
1126 732 1221 810 θεον,
1245 746 1309 808 την
1329 747 1392 809 της
1415 725 1524 808 ψυχῆς

218 813 414 906 ἀφιέρωσιν,
435 824 492 888 καὶ
514 811 833 905 ὁλοκαυτώματα
854 815 987 907 λογικά,
1009 823 1122 889 πᾶσαν
1142 810 1231 906 ύλην
1248 823 1523 906 καταφλέγοντες

216 913 381 988 ῦπόδικον
409 921 460 1004 τῷ
489 922 618 1008 αἰωνίῳ
647 925 728 1008 πυρὶ
754 917 810 988 διὰ
832 923 895 988 τοῦ
916 915 1117 1006 πνεύματος.
1161 911 1212 989 ών
1231 914 1265 1007 »ἦ
1286 917 1453 1007 προσευχὴ
1477 916 1525 1000 ώς

181 1022 365 1105 ῦθυμίαμα
394 1022 450 1086 καὶ
479 1012 500 1106 ἦ
532 1017 669 1105 ίπαρσις
695 1025 769 1089 τῶν
788 1023 913 1106 χειρῶν
933 1023 1035 1088 θυσία
1066 1013 1241 1106 έσπερινήο
1285 1020 1319 1088 οἳ
1343 1025 1399 1089 καὶ
1420 1040 1524 1106 προσ-

216 1122 355 1202 φέρουσι
378 1121 558 1200 λίβανον,
582 1109 665 1204 όπερ
686 1115 901 1207 ἑρμηνεύεται
916 1111 1121 1206 Δευκασμός,
1142 1122 1256 1188 πᾶσαν
1271 1113 1525 1201 ἀποβάλλοντες

217 1215 358 1304 ζοφώδη
381 1211 549 1300 διάθεσιν,
572 1211 621 1298 ώς
648 1211 831 1306 όρμόττειν
852 1212 968 1299 αῦτοῑς
990 1214 1032 1287 τὸ
1057 1221 1126 1298 »τίς
1148 1207 1233 1304 αῦτη
1255 1212 1276 1305 ἡ
1299 1210 1526 1303 ἀναβαίνουσα

218 1323 553 1404 λελευκανθισμένηι·
586 1311 680 1388 οῦτω
711 1314 852 1405 γὰρκαὶ
874 1314 940 1404 τὴν
970 1319 1125 1388 α’ίνεσιν
1152 1313 1355 1406 δυνήσονται
1387 1323 1525 1405 φέρειν

217 1418 273 1496 εἰς
296 1415 413 1486 οἰκον
434 1422 588 1502 κυρίου,
610 1413 666 1504 »μὴ
689 1415 825 1503 ἔχοντες
846 1424 969 1487 σπίλον
991 1410 1012 1504 ἢ
1035 1416 1154 1503 ῥυτίδα
1168 1411 1190 1505 ἧ
1204 1445 1239 1487 τι
1254 1423 1327 1488 τιῦν
1342 1414 1527 1490 τοιούτων<

165 1521 199 1576 10
217 1519 519 1602 προστριβομένων
553 1520 597 1602 τῇ
633 1519 697 1585 τοῦ
723 1520 874 1602 Χριστοῦ
909 1519 1076 1606 ἐκκλησίᾳ.
1123 1513 1268 1604 μηδενὸς
1302 1519 1338 1586 δε
1364 1514 1526 1588 τοιούτου

218 1620 399 1702 γινομένου
419 1607 497 1701 παρ’
520 1607 619 1702 ἡμῶν
641 1614 685 1685 τὰ
706 1620 768 1704 τῆς
789 1619 997 1704 ίπαγομένης
1019 1610 1160 1703 ἀπειλῆς
1180 1609 1422 1704 ὑπομενοῦμεν.

656 1927 713 1994 Nr.
733 1926 802 1993 XII.
844 1927 1025 2007 Jerem22,
1042 1931 1088 1994 13.

301 2111 367 2194 (86)
400 2106 467 2196 Τὴν
495 2105 593 2195 μετὰ
623 2103 880 2195 δικαιοσύνης
911 2111 1256 2195 οἰκοδομουμένην
1288 2112 1422 2178 οἰκίαν
1453 2103 1526 2195 ἐδή-
1547 2120 1598 2175 299

219 2210 327 2275 λωσεν
359 2207 467 2278 εἰπών
498 2201 517 2278 ὁ
549 2203 755 2289 ἀπόστολος·
787 2210 889 2276 »θεοῦ
919 2207 1093 2294 γεώργιον,
1120 2213 1206 2278 θεοῦ
1232 2203 1395 2295 οἰκοδομή
1424 2211 1526 2278 έστει.

166 2321 201 2375 15
219 2309 306 2392 λέγει
337 2309 372 2374 δὲ
401 2313 458 2377 καὶ
488 2299 544 2378 ότι
577 2312 755 2396 »θεμέλιον
785 2303 894 2376 ἄλλον
920 2301 1029 2387 οῦδείς
1055 2303 1196 2377 δύναται
1217 2317 1329 2378 θεῖναι
1350 2303 1441 2394 παρὰ
1463 2303 1527 2376 τὸν

218 2411 382 2492 κείμενον,
413 2398 452 2488 ός
482 2409 553 2476 ἐστι
575 2402 722 2494 Χριστός
743 2397 873 2493 Ἰησοῦς.
916 2409 946 2475 εί
971 2409 1010 2476 δέ
1038 2434 1090 2486 τις
1112 2409 1376 2494 <ίπ>σικσδομειι
1406 2405 1528 2476 καὶτὰ

220 2504 303 2592 ἑξῆς.
346 2501 472 2577 ούκοῦν
503 2501 558 2575 διὰ
592 2511 656 2575 τοῦ
685 2500 887 2589 διδάξαντος
922 2497 941 2574 ό
967 2501 1139 2574 πιστεύων
1164 2512 1323 2594 θεμέλιον
1349 2508 1443 2593 ἔσχεν
1464 2503 1528 2576 τὸν

221 2602 373 2692 Χριστὸν
393 2601 529 2693 Ἰησοῦν.
571 2608 787 2690 ἐποικοδομεῖ
814 2607 851 2672 δέ
880 2631 945 2685 τις,
977 2607 1006 2672 εί
1034 2607 1096 2690 μέν
1125 2611 1252 2688 καλῶς,
1283 2604 1441 2693 »χρυσὸνι
1466 2610 1527 2694 τῆς

221 2698 384 2790 ἀληθείας
405 2702 449 2774 τὰ
471 2699 635 2793 δόγματα,
661 2698 857 2791 »ἆργύριονι
883 2697 988 2790 λόγον
1010 2699 1190 2791 σωτήριον,
1216 2709 1354 2786 »λίθους
1375 2711 1523 2792 τιμίους(

168 2815 203 2870 20
220 2806 417 2892 οἰκοδομίαν
435 2807 471 2888 έξ
486 2798 632 2890 όρετιῦν·
654 2807 683 2872 εί
704 2807 739 2872 δὲ
755 2805 766 2891 ΙΙ
782 2806 905 2883 κακῶς,
927 2805 1162 2891 ἰποικοδομοῦν
1183 2808 1235 2891 τῷ
1255 2797 1359 2890 Ἰησοῦ
1380 2800 1526 2892 πονηρά,
1548 2820 1599 2875 300

221 2907 308 2990 λέγω
335 2899 448 2988 »ξύλα
477 2898 614 2990 χόρτον,
644 2896 830 2989 καλόμηνι,
856 2905 933 2982 πῶς
955 2895 1017 2971 οῦκ
1039 2895 1162 2986 όσεβεί,·
1192 2897 1245 2987 ἐφ’
1268 2894 1310 2970 όν
1331 2902 1462 2989 ἔρχεται
1483 2901 1525 2974 τὸ

221 2996 377 3085 ούαί,’ὁ
414 3006 646 3090 οἰκοδομῶν
681 3005 814 3070 οἰκίαν
849 2995 973 3070 αύτοῦ
1007 2995 1052 3069 ού
1081 3000 1179 3089 μετὰ
1200 2999 1465 3089 δικαιοσύνης.
1509 2995 1527 3071 ό

220 3107 335 3172 ποιῶν
366 3095 500 3189 ῦψηλὸν
529 3095 749 3188 οίκοδόμημα,
781 3094 823 3171 οῦ
850 3096 938 3171 κατὰ
964 3094 1069 3186 λόγον
1095 3105 1131 3170 δέ
1157 3105 1243 3170 θεοῦ
1272 3105 1328 3171 καὶ
1354 3095 1527 3188 όλὴθειαν,

222 3195 293 3271 οῦκ
313 3203 357 3272 ἰν
377 3207 541 3289 κρίματι
562 3194 722 3288 ύπερῷα
743 3216 840 3270 ποιεῖ.
884 3194 1061 3286 ἀναλόγως
1082 3196 1153 3270 νόει
1173 3207 1229 3270 καὶ
1250 3199 1332 3283 τοὺς
1354 3196 1528 3271 διδάσκον-

169 3311 203 3366 25
221 3327 282 3381 τας
312 3293 335 3388 ἢ
368 3295 534 3389 ἀλήθειαν
563 3293 586 3388 ἢ
611 3298 848 3387 »ψευδώνυμον
873 3303 1020 3384 γνώσινε.
1059 3298 1134 3371 οίον
1157 3305 1293 3382 Παῦλος
1314 3303 1375 3385 μὲν
1397 3302 1529 3370 οἰκίαν

223 3397 287 3487 τὴν
310 3403 489 3488 ἐκκλησίαν
520 3402 729 3488 οἰκοδομεῖ
756 3394 855 3487 μετὰ
886 3397 1158 3488 δικαιοσύνης,
1190 3397 1345 3488 ῦπερῷα
1371 3403 1407 3468 δέ
1434 3393 1527 3486 Τιμό-

222 3507 308 3570 θεον
330 3505 386 3570 καὶ
408 3504 547 3570 Λουκᾶν
568 3505 624 3568 καί
646 3497 727 3581 τοῦς
749 3493 930 3580 τοιούτους
951 3501 993 3570 έν
1013 3504 1184 3588 κρίματι.

305 3717 498 3786 2081100
517 3719 558 3786 12,
577 3721 600 3772 1.
618 3747 651 3756 -
670 3717 689 3771 4
707 3717 862 3788 ος1.Ριοι.
881 3717 939 3784 140,
957 3719 981 3772 2.
1003 3745 1037 3757 -
1059 3717 1157 3788 6ng
1175 3718 1272 3772 Onom.
1290 3733 1367 3771 sacra
1385 3719 1404 3781 Ι,
1423 3717 1481 3778 203.
1499 3719 1527 3772 9:

222 3802 350 3874 Λίβανος
367 3801 534 3870 λενκασμδς.
561 3831 594 3840 -
623 3803 637 3857 7
657 3801 755 3857 Hohel.
773 3803 798 3868 3,
816 3804 839 3857 6.
857 3799 1008 3871 -0031,
1026 3801 1096 3872 nph.
1114 3803 1138 3863 5,
1156 3803 1197 3858 27.
1220 3833 1254 3841 -
1277 3802 1355 3858 1011.
1374 3801 1438 3871 vgl.
1456 3799 1530 3856 Hier.

222 3885 326 3940 Comm.
349 3889 412 3942 065ι
442 3885 516 3940 haud
542 3885 657 3940 dubium
683 3887 750 3955 quin
776 3887 805 3941 in
828 3885 988 3940 Ecclesiam.
1023 3886 1099 3940 Ηεευ
1121 3888 1185 3940 sunt
1210 3885 1331 3956 praemia
1352 3903 1459 3951 eorum,
1482 3883 1530 3954 qui

223 3969 398 4025 sanctificant
423 3971 582 4035 sabbatum,
610 3973 638 4024 et
654 3969 733 4025 nullo
750 3970 870 4041 pondere
887 3972 1112 4042 praegravantur.
1147 3969 1318 4035 sinautem,
1343 3969 1446 4039 inquit,
1473 3987 1530 4024 non

223 4053 367 4109 audieritis
384 4055 531 4124 praecepta
547 4070 617 4116 mea,
635 4057 687 4108 eto.
705 4082 738 4093 -
757 4054 794 4110 14
811 4054 900 4110 IKor.
918 4057 942 4122 3,
960 4057 984 4112 9.
1001 4084 1036 4095 -
1055 4054 1093 4111 15
1111 4053 1201 4111 IKor.
1213 4055 1237 4121 3,
1251 4058 1291 4110 11.
1305 4057 1345 4112 12.
1362 4086 1395 4094 -
1415 4054 1528 4112 11-21

222 4137 286 4207 Vgl.
305 4139 318 4192 I
336 4138 402 4194 Kor.
420 4140 444 4206 3,
463 4141 503 4193 11.
522 4139 563 4194 12.
581 4166 615 4178 -
633 4137 700 4194 241.
718 4129 782 4208 vgl.
796 4137 903 4209 Olymp.
916 4139 970 4208 (Gh
982 4139 1016 4206 11,
1030 4138 1098 4208 544).
1116 4167 1148 4178 -
1168 4138 1206 4194 25
1224 4139 1288 4210 Vgl.
1307 4139 1405 4194 I'ffim.
1418 4141 1442 4202 6.
1455 4139 1495 4195 20.

292 4338 326 4418 ,2
345 4334 444 4395 οἰσυσι
462 4358 478 4394 ο
501 4340 506 4407 Ι
529 4338 642 4408 θυσίαν]
661 4346 694 4403 -Ι-
711 4335 845 4410 καθαράν
867 4356 884 4393 ο
907 4341 912 4406 Ι
935 4337 1005 4411 θεῷ]
1028 4345 1070 4392 iio
1089 4356 1105 4395 o
1129 4342 1134 4408 Ι
1158 4339 1176 4395 0
1203 4333 1403 4410 καταφλέγονέ
1424 4355 1441 4393 ο
1464 4340 1468 4406 1
1493 4337 1528 4393 11

222 4423 300 4510 ῦπσβ
316 4441 347 4510 ἰΙ
364 4441 403 4498 12
421 4457 518 4512 wegen
535 4441 643 4510 hagm.
660 4441 695 4496 82
711 4433 746 4495 ‘H
763 4443 980 4512 σχοῖνος-θεῷ
998 4438 1470 4512 ις1.0.105,11ρρ.114ιιαομη
1488 4453 1504 4492 0
1525 4442 1527 4501 1

223 4526 262 4583 15
277 4527 335 4597 καί]
354 4536 387 4586 <
405 4518 551 4595 οΙᾶλλον]
570 4533 604 4585 <
621 4524 708 4593 0120
724 4525 829 4594 κακῶς]
847 4529 943 4590 καλῶς
960 4526 994 4592 ol
1011 4524 1048 4580 21
1068 4521 1180 4598 ἀσεβεῖ]
1200 4520 1236 4581 ἂν
1255 4524 1322 4598 σέβη
1341 4527 1377 4593 o!
1397 4525 1436 4581 22
1456 4522 1530 4594 οὐαί]

222 4602 247 4665 ὧ
265 4610 340 4666 LXX
352 4610 401 4676 AQ
410 4610 474 4666 Luc.
490 4612 494 4678 Ι
510 4611 550 4666 24
568 4606 622 4666 οὐκ
638 4605 786 4681 ἐγκρίματι
804 4626 828 4664 ο.
