3694 5542
675 490 796 546 Homilie
807 491 868 546 XX.
902 490 1000 545 δεῖεν).
1013 489 1054 554 20,
1068 489 1160 544 7-12.
1508 494 1566 558 189

261 660 457 725 θανατοῦν.
504 649 559 742 ἀρ’
586 645 691 725 οόνό
718 659 876 737 τοιοῦτος
906 649 948 724 05
977 651 1041 742 τήν
1071 660 1305 741 ταλαιπωρίαν
1331 657 1566 736 ἐπεκαλέσατο,

259 750 371 840 παρόν
397 756 572 823 ἐπιδοῦναι
598 752 722 826 ἑαυτόν
748 761 860 842 τρυφῇ
887 761 943 824 καὶ
970 748 1075 840 ἡδονή
1099 758 1154 822 καλ
1180 751 1225 841 μή
1248 756 1480 823 ἐπικαλεῖσθαι
1502 751 1567 843 τήν

261 859 512 940 ταλαιπωρίαν;
533 857 563 923 εί
577 882 629 935 τις
644 845 706 924 οὖν
720 850 862 924 δύναται
877 860 1045 941 μιμεῖσθαι
1060 849 1122 921 τόν
1137 849 1330 941 προφήτην,
1344 858 1399 921 καλ
1415 848 1565 933 ἀθεσίαν,

261 947 308 1034 τός
330 949 570 1041 διηγησάμεθα,
592 955 831 1036 ἐπικαλείσθω,
853 957 909 1024 καὶ
931 957 1167 1039 ταλαιπωρίαν
1189 956 1224 1022 δὲ
1246 956 1283 1021 ἐν
1300 968 1375 1033 ταῖς
1390 947 1567 1040 ἀσκήσεσιν

225 1064 240 1116 5
257 1057 493 1120 ίπικαλείοθω.
520 1053 615 1139 ἔτυχε
630 1057 666 1122 δέ
681 1047 701 1140 ἦ
717 1055 848 1139 ἱστορία
861 1052 947 1123 εἶναι
962 1048 1093 1140 ἀληθής
1108 1057 1165 1122 καὶ
1179 1047 1222 1139 [ἦ]
1237 1057 1314 1139 περὶ
1333 1056 1396 1121 τοῦ
1404 1045 1565 1138 Ἰερεμίου,

259 1146 313 1220 ότι
327 1156 383 1222 καὶ
396 1155 435 1220 ἐν
451 1145 566 1242 ἀγνείᾳ
581 1152 706 1240 ίζησεν·
726 1151 797 1222 είπε
810 1150 874 1239 γὰρ
889 1146 982 1240 αὐτῷ
999 1144 1018 1220 ό
1033 1147 1161 1236 κύριος·
1174 1146 1229 1222 >05
1242 1149 1287 1239 μὴ
1303 1145 1407 1238 λάβῃς
1415 1165 1565 1237 χυναικα,

258 1244 333 1322 οόδ’
359 1245 401 1319 05
426 1248 472 1338 μὴ
498 1247 641 1339 ποιήσῃς
667 1255 789 1322 τέκνω.
837 1256 894 1322 καὶ
915 1253 953 1321 ἐν
974 1245 1088 1341 ἀγνείᾳ
1111 1253 1235 1338 ἔζησεν·
1262 1245 1404 1321 ἀθεσίαν
1425 1246 1488 1337 γάρ
1508 1255 1564 1318 καλ

257 1356 495 1437 ταλαιπωρίαν
516 1353 752 1420 ἐπεκαλέσατο.

340 1453 413 1538 (111)
424 1459 451 1520 8.
476 1442 561 1518 »Ὅτι
582 1446 726 1538 ἐγενήθη
748 1447 850 1538 λόγος
871 1456 990 1536 κυρίου
1011 1453 1084 1538 ἐμοὶ
1100 1453 1146 1530 είς
1161 1443 1380 1537 ὀνειδισμόνι.
1405 1443 1566 1535 μακάριος

207 1557 241 1612 10
256 1545 408 1636 Ἱερεμίας
432 1546 477 1636 μὴ
504 1549 591 1636 ἔχων
619 1546 726 1620 ἀλλον
752 1543 944 1636 ὀνειδισμὸν
964 1543 987 1636 ἢ
1008 1547 1072 1620 τόν
1095 1543 1199 1636 λόγον
1220 1553 1284 1618 τοῦ
1305 1552 1431 1634 κυρίου.
1473 1542 1566 1636 ήμείς

257 1652 294 1718 δὲ
315 1651 348 1719 ολ
370 1644 514 1730 τάλανες
535 1648 653 1735 ἔχομεν
676 1641 883 1735 ὀνειδισμοὺς
906 1643 947 1718 05
969 1647 1024 1718 διὰ
1046 1643 1234 1736 τὸνλόγον
1248 1650 1313 1717 τοῦ
1326 1650 1455 1733 κυρίου,
1477 1641 1565 1718 ἀλλὰ

257 1745 312 1817 διὰ
335 1745 377 1816 τὰ
400 1742 543 1836 ἡμέτερα
565 1741 802 1836 ἁμαρτήματα,
833 1754 889 1818 καὶ
912 1741 1145 1834 ὀνειδιζόμεθα
1167 1741 1224 1832 ἐφ’
1249 1745 1300 1828 οίς
1321 1747 1488 1835 πταίομεν
1509 1751 1564 1816 καὶ

256 1850 475 1934 ἐπταίσαμεν,
501 1851 556 1916 καί
582 1844 831 1935 λοιδορούμεθα
856 1849 911 1917 ἐπὶ
937 1863 1011 1928 ταῖς
1037 1852 1168 1928 κακίαις
1193 1840 1298 1933 ἡμῶν.
1341 1838 1419 1915 όδέ
1448 1843 1565 1934 σωτήρ

257 1941 299 2016 05
324 1944 503 2027 τοιούτους
530 1940 615 2034 ήμάς
642 1939 850 2033 όνειδισμοδς
877 1952 971 2018 θέλει
993 1941 1215 2032 ὀνειδίζεσθαι
1236 1949 1360 2034 λέγων·
1389 1941 1564 2033 »μακάριοί

206 2054 238 2108 15
256 2049 331 2115 ἐστε
362 2037 446 2115 όταν
477 2038 687 2115 ὀνειδίσωσιν
721 2041 805 2133 ἀμάς
834 2051 889 2116 καὶ
916 2045 1063 2130 διώξωσι
1087 2050 1144 2115 καί
1169 2047 1289 2116 είπωσι
1315 2049 1386 2116 πᾶν
1411 2042 1564 2132 πονηρόν

170 2154 239 2210 323¹
256 2145 353 2234 ῥῆΙμα
382 2138 467 2214 καθ’
497 2140 594 2232 ὑμῶν
624 2144 737 2234 ἐνεκεν
768 2149 877 2234 ἐμοῦι.
932 2142 1073 2233 »χάρητε
1103 2147 1141 2214 ἐν
1171 2147 1280 2231 ἐκείνη
1307 2149 1350 2230 τῇ
1376 2138 1481 2236 ήμέρᾳ
1508 2151 1565 2212 καλ

255 2241 485 2334 σκιρτήσατει.
534 2237 567 2315 >5
590 2239 703 2333 λόγος
730 2237 791 2316 σόν
814 2268 896 2334 φησι
917 2251 993 2316 »τοῦ
1014 2251 1133 2332 κυρίου
1152 2240 1299 2334 ἐγενήθη
1319 2245 1391 2332 ἐμοὶ
1412 2247 1459 2326 είς
1479 2237 1563 2314 ὀνει-

255 2341 374 2432 δισμὸν
394 2351 451 2414 καὶ
473 2345 519 2424 είς
537 2341 727 2432 χλευασμὸν
747 2349 860 2416 πάσαν
883 2339 1027 2432 ἡμέραν.

220 2479 222 2484 ·
338 2442 424 2513 Εἶτα
449 2438 664 2530 κατανόησον
692 2439 739 2525 ὥς
766 2448 848 2514 εἰσιν
874 2445 907 2514 οὶ
932 2449 1109 2532 προφῆται
1135 2437 1345 2528 εὐγνώμονες
1371 2439 1563 2529 ἄνθρωποι,

202 2551 237 2607 20
253 2548 309 2613 καὶ
332 2537 394 2612 σόκ
415 2537 715 2630 ἀποκρυπτόμενοι
739 2541 782 2612 τά
800 2546 869 2612 ἲδια
883 2537 1106 2632 ἀμαρτήματα
1121 2538 1170 2624 σός
1183 2546 1239 2610 καὶ
1254 2535 1355 2628 ἡμεῖς,
1377 2549 1434 2610 καλ
1448 2547 1562 2629 λέγον-

256 2670 311 2724 τες
333 2636 395 2712 ου’κ
417 2643 472 2711 ἐπὶ
494 2647 569 2713 των
590 2637 672 2712 τότε
692 2637 809 2730 μόνον,
833 2637 909 2713 ἀλλ’
931 2646 987 2713 ἐπὶ
1008 2647 1130 2712 πασῶν
1144 2646 1218 2710 τῶν
1231 2645 1359 2728 γενεῶν
1373 2643 1403 2710 εί
1416 2635 1562 2730 ἡμαρτή-

254 2762 339 2810 κασι.
373 2735 468 2827 κάγὼ
491 2745 552 2828 μὲν
574 2733 667 2812 ὀκνῶ
690 2738 1002 2830 ἐξομολογήσασθαί
1021 2767 1087 2826 μου
1108 2739 1152 2810 τά
1174 2733 1397 2828 ἁμαρτήματα
1419 2743 1562 2810 ἐπὶτῶν

255 2834 383 2926 ὀλίγων
408 2842 576 2922 ἐνταῦθα,
603 2843 676 2910 ἐπεὶ
702 2845 860 2928 μέλλουσί
885 2869 950 2929 μου
969 2838 1234 2929 καταγινώσκειν
1256 2841 1289 2909 ολ
1310 2835 1502 2920 ἀκούοντες.
1542 2832 1562 2907 ό

255 2943 290 3008 δὲ
304 2934 456 3026 Ἱερεμίας
474 2965 508 3007 τι
522 2938 651 3009 παθόν
665 2933 899 3028 άμαρτητικόν
913 2934 975 3010 οόκ
990 2935 1127 3026 ήδέσθη,
1149 2933 1236 3008 ἀλλά
1251 2933 1439 3025 ἀνέγραφεν
1456 2933 1562 3009 αδτοῦ

202 3051 236 3104 25
255 3037 319 3127 τὴν
341 3032 521 3126 ἀμαρτίαν·
542 3032 688 3128 άμαρτία
711 3037 774 3126 γὰρ
795 3029 839 3126 ἦν
860 3037 902 3110 τό
924 3033 1170 3126 ἐπιφερόμενον
1192 3041 1229 3107 ἐν
1243 3041 1294 3124 τῷ
1321 3043 1393 3106 »καὶ
1408 3037 1497 3107 είπα·
1521 3032 1562 3108 οά

253 3136 297 3227 μὴ
320 3131 479 3226 ὀνομάσω
503 3135 544 3208 τό
567 3129 675 3226 ὄνομα
696 3143 826 3225 κυρίου,
848 3142 903 3207 καὶ
925 3134 966 3208 οδ
987 3135 1032 3226 μή
1054 3133 1191 3225 λαλήσω
1214 3139 1265 3207 ἐτι
1279 3139 1335 3206 ἐπὶ
1349 3141 1401 3225 τῷ
1418 3129 1560 3224 ὀνόματι

253 3233 446 3308 αότοῦι.ἐ
431 3233 610 3324 ἐδιδάχθης
631 3234 802 3309 πάνταέ
787 3241 854 3326 ἐνΙΙ
875 3231 1020 3326 ὀνόματι
1048 3254 1160 3307 ποιεῖν
1189 3242 1327 3324 κυρίου,
1357 3238 1395 3305 ἐν
1417 3229 1560 3322 ὀνόματι
1581 3245 1633 3300 273

253 3341 337 3407 θεοῦ
356 3332 534 3450 πράττειν·
557 3336 598 3407 οὐ
618 3341 696 3407 δέλ
676 3342 795 3424 λέγεις·
825 3334 887 3426 »μή
908 3331 1068 3425 ὀνομάσω
1091 3332 1132 3405 τό
1155 3327 1262 3423 ὄνομα
1283 3341 1437 3421 κυρίους
1472 3331 1559 3406 άλλόι

252 3455 353 3506 ποῖον
380 3428 487 3521 ὄνομα
514 3440 645 3524 μέλλεις
672 3429 866 3524 όνομάζειν;
911 3428 1037 3521 »ὄνομα
1058 3441 1155 3505 θεῶν
1176 3435 1304 3524 ετέρων
1330 3430 1393 3504 οὐκ
1413 3431 1559 3523 ἀναμνή-

200 3545 235 3602 30
252 3545 351 3606 σεσθε
373 3537 410 3603 ἐν
431 3551 506 3616 ταις
526 3531 720 3619 καρδίαις“
699 3542 825 3623 υμῶνι,
848 3541 901 3605 καλ
923 3540 1040 3622 λέγεις·
1066 3531 1125 3654 »οὗ
1144 3531 1190 3624 μή
1213 3529 1372 3622 ὀνομάσω
1394 3533 1435 3605 τό
1451 3525 1559 3622 ὄνομα

251 3642 380 3721 κυρίου,
407 3638 462 3703 καὶ
490 3629 532 3706 05
561 3632 605 3723 μή
633 3629 771 3722 λαλήσω
804 3637 856 3704 ἔτι
880 3637 936 3705 ἐπὶ
962 3641 1013 3725 τῷ
1042 3628 1185 3723 ὀνόματι
1211 3629 1353 3717 αὐτοῦς
1383 3637 1470 3721 λέγει
1498 3623 1561 3702 οὖν

251 3732 438 3814 πεπονθως
460 3762 495 3805 τι
516 3729 751 3821 ἀνθρώπινον,
775 3726 864 3804 όκαί
886 3729 978 3823 ήμεις
998 3731 1237 3820 κινδυνεύομεν
1251 3729 1417 3815 πολλάκις
1430 3759 1559 3802 πεπον-

252 3839 359 3901 θέναι.
394 3838 450 3902 καὶ
471 3829 618 3921 μάλιστα
640 3836 669 3902 εί
690 3860 742 3916 τις
764 3831 917 3904 σύνοιδεν
938 3834 1051 3922 ἑαυτῷ
1074 3832 1130 3904 διόι
1150 3832 1216 3921 τήν
1237 3837 1453 3910 διδασκαλίαν
1474 3837 1560 3902 ποτὲ

336 3999 439 4072 ⁶ng
456 3999 556 4057 Jerem.
576 4004 617 4069 16,
637 4004 660 4055 1.
679 4003 703 4056 2.
721 4031 755 4042 -
774 4001 814 4057 14
831 4002 930 4056 Matth
949 4003 973 4070 5,
991 4005 1032 4056 11.
1050 4031 1084 4041 -
1103 4001 1139 4058 1ss
1160 4000 1229 4055 Luk.
1247 4003 1271 4063 6,
1289 4001 1330 4056 23.
1349 4031 1381 4040 -
1399 4000 1476 4057 191.
1495 3999 1560 4070 vgl.

251 4083 390 4154 Chrysost.
409 4085 465 4152 (Gh
482 4085 516 4148 11,
534 4086 608 4155 505:
628 4080 684 4158 δρα
703 4088 883 4157 φιλοσοφίαν,
906 4091 967 4152 πῶς
984 4083 1132 4154 ἐλάττωμα
1149 4089 1315 4154 τηλικοῦτον
1333 4081 1385 4140 οέκ
1402 4081 1561 4156 ἀπέκρυψε,

250 4170 394 4309 &char
413 4165 574 4310 2ἀΒσθΙέΙΙειαν
605 4167 640 4226 σίν
675 4168 853 4241 συνεκάλυψε
887 4173 938 4240 τήν
968 4165 1079 4226 &moa
1107 4199 1141 4210 -
1170 4169 1205 4224 2⁷
1234 4168 1297 4239 vgl.
1324 4167 1385 4226 Kol.
1407 4169 1432 4232 3,
1455 4169 1496 4224 17.
1525 4199 1560 4207 —

335 4389 353 4444 ὅ
372 4388 388 4456 Ι
406 4386 521 4443 είτείοίιλ
536 4387 574 4442 co
590 4389 593 4454 Ι
608 4388 636 4444 θ.
655 4388 691 4444 11
712 4384 835 4459 ἐγενήθη
852 4388 877 4444 V
894 4385 1033 4460 ἐγεννήθη
1049 4390 1067 4446 S
1082 4391 1087 4458 Ι
1104 4391 1142 4446 19
1160 4385 1341 4459 εὐγνώμονες
1356 4387 1436 4442 v²co
1453 4383 1558 4457 εέγνιίι-

248 4491 334 4548 μονον
346 4471 409 4525 SV*
419 4473 435 4540 †
446 4471 486 4528 2⁰
504 4472 575 4542 252²]
586 4481 620 4532 <
631 4473 670 4528 Co
685 4474 690 4541 Ι
706 4473 746 4528 24
765 4469 852 4530 αότσῦ
870 4474 914 4530 Gh
932 4471 1126 4542 ‹51058127
1146 4469 1294 4542 ἐδιδάχθης
1311 4472 1355 4528 Gh
1371 4469 1503 4542 ἐδιδάχθη
1521 4471 1539 4524 S
1553 4471 1557 4540 Ι

249 4555 349 4611 28-8.
362 4557 420 4623 190,
438 4558 473 4614 19
487 4553 589 4612 Ηίεττα
606 4557 714 4627 λἐεςια.
732 4559 766 4614 84
784 4557 813 4612 in
831 4557 864 4612 G:
889 4555 1230 4630 Οὐκ-εἰσπραττόμενος
1255 4559 1259 4626 Ι
1286 4557 1327 4614 81)
1344 4550 1507 4628 ἐν-δμῶν]
1525 4564 1560 4616 <

250 4639 321 4694 LXX
336 4641 340 4708 Ι
356 4641 395 4698 82
414 4638 613 4711 κινδυνεύομεν
630 4639 767 4707 πολλάκις
783 4640 969 4713 πεπονθέναι]
992 4636 1054 4698 ἐσθ’
1072 4637 1121 4698 ότε
1138 4641 1345 4708 κινδυνεύοντες
1362 4641 1511 4712 πάσχομεν
1529 4641 1559 4697 0.
