3694 5542
338 439 399 502 236
735 433 874 504 Origenoe'
892 432 1248 504 mageliederkommentar.

339 594 505 686 νοῆσομέν
533 625 608 680 πως
640 595 705 686 τὴν
732 601 959 686 αἰχμαλωσίαν
980 603 1037 668 καὶ
1059 596 1122 670 τόν
1150 601 1512 684 αἰχμαλωτίσαντα
1556 589 1643 664 ἀλλὰ

338 691 596 784 καταφυγόντες
618 701 673 767 ἐπὶ
695 693 759 767 τόν
781 693 943 785 Χριστόν,
966 695 1030 769 τὸν
1050 693 1244 786 κηρύξαντα
1266 693 1353 767 κατὰ
1376 692 1439 765 τόν
1459 690 1644 782 προφήτην

338 789 474 864 Ἡσαΐαν
506 794 750 884 »αἰχμαλώτοις
779 793 934 882 ἄφεσινι,
963 793 1316 886 ἰλιυθερωθησόμεθα
1344 791 1413 866 ἀπὸ
1441 798 1503 883 τῆς
1531 797 1644 881 αἰχμα-

340 901 476 978 λωσίας,
512 891 577 964 κᾶν
606 900 700 984 μέχρι
730 901 793 965 τοῦ
823 901 920 984 δῆσαι
949 891 1065 982 φθόση
1096 889 1115 965 ό
1143 893 1422 985 αἰχμαλωτεόσας.
1469 883 1555 982 ῆλθε
1581 889 1644 981 γὰρ

305 1003 321 1055 5
338 987 461 1082 Ἰησοῦς
486 999 675 1084 »ἐξαγαγεῖν
697 993 735 1064 ἐκ
756 998 891 1080 δεσμῶν
912 999 1106 1084 δεδεμένους
1126 1004 1183 1066 καὶ
1204 997 1239 1080 ἐξ
1261 997 1358 1066 οἴκου
1372 999 1524 1082 φυλακῆς
1537 1002 1644 1080 καθη-

338 1097 460 1180 μένους
481 1095 518 1163 ἐν
540 1089 683 1165 σκότειι.

665 1295 722 1362 Nr.
744 1297 798 1364 111.
841 1297 965 1384 Klagel.
979 1299 1096 1364 Jerem.
1113 1305 1128 1364 1
1148 1281 1319 1365 Uberschr.

424 1457 484 1529 Διὰ
511 1457 616 1532 τοῦτό
645 1482 748 1547 φασιν
767 1456 911 1550 Ἑβραῖοι
937 1465 999 1550 τῆς
1024 1465 1171 1543 παλαιᾶς
1197 1465 1329 1550 γραφῆς
1355 1465 1553 1549 ἰσαρίθμους
1574 1476 1646 1540 τοῖς

341 1564 518 1646 στοιχείοις
539 1559 624 1630 εῖναι
646 1558 708 1642 τὰς
728 1567 878 1648 βίβλους,
905 1555 953 1642 ῶς
975 1560 1061 1632 είναι
1082 1558 1169 1648 πρὸς
1190 1567 1406 1649 θεογνωσίαν
1426 1565 1540 1632 πᾶσαν
1562 1564 1646 1630 εἰσα-

291 1672 324 1726 10
341 1653 471 1746 γωγῆν,
502 1654 658 1748 καθάπερ
689 1658 732 1730 τὰ
763 1677 909 1747 στοιχεῖα
933 1657 1019 1746 πρὸς
1045 1665 1158 1731 πᾶσαν
1185 1677 1257 1744 τοῖς
1281 1655 1494 1747 μανθάνουσι
1513 1667 1645 1746 σοφίαν.

341 1759 397 1826 καί
427 1753 481 1826 διὰ
513 1763 618 1830 τοῦτο
649 1756 986 1849 τετραπλασιόζεται,
1009 1756 1094 1848 τάχα
1123 1754 1210 1831 διότι
1236 1766 1292 1830 καί
1315 1765 1389 1830 τῶν
1411 1755 1583 1846 σωμάτων
1603 1757 1646 1829 τὰ

342 1875 488 1942 στοιχεῖα
509 1862 697 1948 καθέστηκε
719 1864 871 1948 τέσσαρα.

426 1961 491 2025 Καὶ
511 1951 582 2045 μετ’
606 1951 714 2046 ὀλίγα·

420 2049 568 2138 ’Ἐκδοσις
591 2061 627 2126 δὲ
647 2052 766 2128 Ἀκόλα
786 2064 842 2129 καί
865 2062 1100 2140 Θεοδοτίωνος
1122 2061 1159 2128 ἐν
1180 2077 1252 2140 τοῖς
1274 2053 1419 2146 Θρῆνοις
1439 2052 1479 2128 οὗ
1501 2063 1647 2144 φέρεται,

293 2171 325 2224 15
342 2149 449 2240 μόνου
471 2159 507 2224 δε
527 2152 711 2244 Συμμόχου
732 2163 786 2226 καὶ
810 2164 882 2229 τῶν
902 2153 1161 2248 Ἑβδομῆκοντα.

426 2259 491 2323 Καὶ
513 2253 633 2327 πόλιν·
893 2345 898 2355 1

428 2350 587 2443 Ζητήσειε
609 2351 642 2427 δ’
658 2355 701 2426 ἄν
722 2387 784 2440 τις,
807 2361 883 2438 πῶς
904 2361 964 2446 τῆς
979 2361 1168 2447 ἐπιγραφῆς
1184 2363 1247 2427 τοῦ
1261 2361 1393 2439 βιβλίου
1405 2360 1649 2446 πληθυντικῶς

344 2449 482 2542 ἐχούσης
515 2459 677 2544 Θρῆνοι,
714 2455 834 2538 ἑνικῶς
865 2461 902 2528 ἐν
932 2463 983 2545 τῷ
1014 2463 1184 2546 προοιμίῳ
1215 2453 1278 2526 τόν
1312 2461 1470 2544 Θρῆνον
1499 2452 1649 2526 τοῦτόν

344 2571 471 2640 φησιν.
498 2547 582 2624 ἀλλὰ
611 2563 739 2644 μερικοὶ
768 2561 828 2644 μἐν
857 2563 994 2640 πλείους
1022 2553 1222 2644 ὑπάρχουσι,
1245 2572 1318 2637 τοῖς
1340 2561 1516 2643 στοιχείοις
1537 2558 1649 2642 διῃρη-

293 2665 327 2719 20
343 2655 449 2770 μένοιΞ
471 2658 517 2736 εἰς
538 2655 597 2723 ἕνα
618 2657 654 2724 δὲ
675 2650 801 2736 πάντες
821 2649 1016 2744 ἀνάγονται,
1038 2653 1126 2744 πρὸς
1141 2662 1220 2744 μίαν
1237 2651 1413 2737 ὑπόθεσιν,
1435 2652 1499 2726 τὸν
1513 2650 1649 2743 Ἰσραήλ.

345 2777 556 2839 αναγομενοι.

675 2922 732 2988 Nr.
752 2921 807 2988 IV.
850 2923 973 3009 Klagel.
988 2925 1008 2988 J
1011 2947 1102 2990 erem.
1120 2933 1134 2992 1
1155 2909 1323 2990 Ubersehr.

434 3083 499 3155 Τὸν
531 3088 565 3170 ἐξ
596 3078 728 3174 όγόπης
756 3083 937 3174 κλαυθμόν
968 3080 1247 3174 μακαριζόμενον·
1279 3091 1342 3156 τοῦ
1372 3083 1435 3173 γὰρ
1461 3080 1557 3173 ἁγίου
1583 3087 1653 3154 ἐστὶ

351 3191 496 3254 »κλαίειν
517 3181 601 3270 μετὰ
623 3181 847 3256 κλαιόντωνι.

298 3423 331 3478 2ο
687 3419 743 3487 Nr.
765 3421 804 3486 V.
845 3422 967 3508 Klagel.
981 3421 1002 3486 J
1006 3445 1097 3488 erem.
1114 3430 1129 3489 1
1151 3407 1319 3488 Uberschr.

431 3576 590 3670 Ἐγγίζων
616 3589 658 3670 τῆ
680 3577 888 3674 Ἰερουσαλήμ
915 3579 934 3656 ό
959 3583 1073 3672 κύριος
1094 3588 1266 3656 »ἔκλαυσεν
1287 3589 1342 3655 καί
1365 3583 1472 3654 εἶπεν·
1500 3586 1529 3653 εἰ
1549 3583 1656 3670 ἔγνως

348 3687 405 3750 καὶ
427 3681 468 3751 σύ
489 3679 532 3751 τὰ
555 3687 601 3764 είς
623 3678 759 3772 εἰρήνην
778 3706 858 3754 σου.
892 3680 1115 3774 »Ἰερουσαλήμ
1129 3680 1349 3774 Ἰερουσαλήμ,
1373 3677 1656 3772 ῆόποκτείνουσα

351 3780 432 3862 τούς
460 3777 642 3869 προφήτας
670 3789 726 3852 καί
755 3789 984 3866 λιθοβολοῦσα
1013 3783 1095 3866 τοὺς
1119 3780 1392 3871 ἀπεσταλμένους
1420 3779 1508 3870 πρὸς
1539 3776 1656 3868 αότῆν,

435 3983 484 4039 21.
508 3983 698 4054 vgl.Luk.4‚
718 3987 751 4042 18
783 3985 836 4040 ίεε.
855 3988 895 4050 61,
915 3989 937 4041 1.
961 4015 995 4026 -
1017 3986 1036 4042 ὅ
1060 3987 1113 4041 ίεε.
1130 3987 1173 4052 42,
1192 3989 1215 4040 7.
1237 4015 1271 4025 -
1293 3984 1333 4041 28
1355 3982 1500 4056 vg1.Luc.
1518 3985 1542 4048 6,
1561 3985 1601 4038 21.
1624 4011 1657 4020 -

351 4069 390 4124 24
409 4068 474 4139 vgl.
493 4067 569 4123 Rom.
588 4069 629 4136 12,
648 4071 689 4125 15.
707 4099 740 4108 -
759 4071 797 4127 20
816 4070 879 4141 Vgl.
898 4071 965 4124 Luk.
980 4073 1020 4136 19,
1033 4074 1074 4125 41.
1087 4071 1128 4124 42.
1147 4101 1179 4110 -
1199 4071 1237 4126 27
1257 4069 1357 4124 Matth.
1369 4071 1409 4132 23,
1423 4069 1456 4124 37
1482 4067 1657 4130 Luk.13‚34.

438 4253 454 4308 1
474 4254 617 4322 νοήσομεν
630 4252 672 4306 Gh
685 4255 833 4322 νοήσωμεν
852 4254 889 4308 οό
904 4255 908 4320 Ι
924 4255 942 4309 8
955 4251 1149 4324 αἰχμαλωσίας
1162 4259 1188 4310 ο1
1202 4273 1226 4310 α
1238 4255 1299 4310 Ro
1316 4249 1458 4326 ἁμαρτίας
1470 4253 1499 4306 ε*
1514 4253 1518 4318 Ι
1534 4251 1604 4327 Θφη
1623 4268 1638 4304 ε
1653 4251 1656 4316 Ι

351 4340 370 4395 θ
388 4343 483 4394 πᾶσαν
502 4335 573 4408 πρὸς
597 4339 777 4407 θεογνωοίαν
795 4356 811 4393 o
835 4340 840 4406 Ι
864 4338 901 4394 1⁰
918 4331 1033 4393 ἅπασαν
1051 4357 1066 4394 ο
1084 4341 1089 4406 Ι
1114 4341 1151 4395 12
1170 4341 1291 4412 τέτταρα
1309 4358 1325 4396 ο
1345 4339 1350 4406 l
1371 4339 1410 4395 14
1428 4335 1533 4394 δικίλου
1551 4353 1567 4391 0
1582 4338 1587 4402 1
1601 4326 1659 4404 καί]

352 4421 368 4490 ἢ
388 4440 403 4477 ο
419 4424 423 4491 Ι
440 4420 565 4494 φέρεται]
584 4422 715 4492 φαίνεται
735 4439 750 4476 ε
765 4423 769 4488 Ι
786 4422 823 4477 17
848 4424 973 4492 ζητήσειε
990 4422 1001 4476 l
1019 4426 1132 4493 ζητήσει
1149 4441 1164 4478 c
1181 4425 1307 4493 ζητήσεις
1325 4443 1341 4479 ο
1361 4425 1366 4492 Ι
1386 4423 1422 4479 2ss
1438 4415 1581 4491 Ἐγγίζων]
1599 4437 1660 4474 vor·

351 4508 400 4560 her
417 4513 469 4562 τοῦ
487 4503 574 4561 αἰετοῦ
592 4523 628 4561 σο
655 4507 660 4574 Ι
685 4507 729 4575 τῇ]
754 4508 838 4574 τήνσ
863 4507 868 4574 l
896 4502 984 4578 ἔγνως
1006 4509 1063 4576 καί]
1089 4501 1200 4578 ἔγνωκα
1222 4511 1275 4563 ο*ο
1298 4503 1427 4579 ἔγνωκας
1444 4510 1471 4560 0¹
1495 4507 1499 4576 Ι
1524 4505 1560 4560 27
1590 4501 1658 4559 ἀπο·

351 4589 507 4646 κτέννουσοι
525 4607 548 4644 ο.
