3702 5540
323 434 363 498 20
762 418 903 490 Origeneu’
919 419 1179 478 seremiahomilien.

324 583 515 678 σωζόμενος
537 579 736 664 άναστάσει,·
758 576 778 653 6
800 579 958 671 δεόμενος
978 590 1210 672 βαπτίσματος
1232 592 1296 658 τοῦ
1316 581 1385 658 άπὸ
1407 583 1527 714 πυρός,
1547 584 1633 662 ὅταν

237 694 329 779 2181Ι
353 690 438 774 ἔλθη
465 689 520 756 ἐπὶ
542 684 583 756 τὸ
605 689 672 772 πῦρ
694 687 817 766 ἐκεῖνο,
846 688 904 752 καὶ
925 679 966 752 τό
988 687 1056 770 πῦρ
1077 680 1184 756 αῦτὸν
1206 682 1381 808 δοκιμάζῃ,
1411 693 1466 757 καὶ
1490 681 1569 778 εῦρη
1589 689 1632 761 τὸ

322 795 390 908 πῦρ
412 791 553 858 ἐκεῖνο
541 781 645 870 ξόλα,
676 779 804 871 χόρτον
825 787 880 851 καὶ
869 776 1077 902 καλάμην,
1106 779 1195 854 ὥστε
1217 781 1303 856 αῦτὰ
1324 794 1539 860 κατακαῦσαι
1578 789 1633 861 διὰ

323 895 429 960 τοῦτο
460 882 597 956 τούτων
628 887 834 971 λεγομένων,
865 875 926 971 ῦση
960 877 1097 970 δύναμις
1127 881 1373 974 συναγαγόντες
1403 886 1485 970 τούς
1511 885 1633 977 λόγους

288 987 406 1070 στοῦς
436 991 511 1057 τῶν
541 987 699 1072 γραφῶν,
730 985 777 1064 είς
803 979 869 1070 τὴν
893 984 1036 1070 καρδίαν
1062 976 1313 1104 άποτιθώμεθα
1334 981 1459 1069 αῦτοῦς
1480 993 1537 1058 καὶ
1557 985 1633 1060 κατ’

325 1085 449 1169 αῦτοῦς
470 1088 690 1172 πειραθῶμεν
713 1084 782 1170 ξῆν,
806 1078 908 1152 ἐάν
887 1108 952 1168 αρα
974 1075 1177 1171 δυνηθῶμεν
1191 1081 1259 1171 πρὸ
1274 1089 1337 1173 τῆς
1351 1079 1471 1168 ἐξόδου
1484 1095 1632 1174 καθαροὶ

324 1192 495 1278 γενέσθαι,
517 1183 608 1254 καὶ
595 1177 833 1270 ετοιμάσαντες
855 1177 958 1261 είς
920 1207 985 1268 την
1007 1182 1126 1266 ἔξοδον
1148 1181 1193 1253 τά
1214 1186 1294 1273 ἔργα
1316 1179 1414 1274 ἡμῶν
1435 1182 1633 1272 ἐξελθόντες

322 1291 361 1359 ἐν
382 1281 498 1368 αῦτοίς
520 1299 593 1364 τοῖς
614 1277 757 1370 άγαθοίς
779 1285 1056 1402 παραληφθῆναι
1068 1288 1125 1353 καὶ
1139 1286 1176 1353 ἐν
1192 1289 1330 1372 Χριστῷ
1346 1278 1451 1374 Ἰησοῦ
1465 1292 1633 1376 σωθῆναι,

322 1378 510 1478 ᾦίστιν
489 1412 510 1472 η
533 1377 614 1467 δόξα
640 1386 696 1452 καί
717 1375 759 1450 τὸ
780 1374 907 1466 κράτος
927 1383 975 1462 είς
997 1379 1077 1464 τούς
1099 1386 1225 1464 αἰῶνας
1248 1390 1321 1455 τῶν
1344 1382 1489 1456 αίοόνων.
1524 1382 1633 1477 Ἀμήν.

873 1623 1083 1632 ---——-.

272 1848 307 1903 10
428 1826 500 1904 Είς
526 1817 574 1893 τὸ
600 1815 678 1911 »μὴ
706 1819 860 1914 ἕρημος
887 1813 1101 1919 ἐγενόμην
1124 1825 1183 1918 τῷ
1210 1822 1313 1919 οἴκῳ
1338 1817 1526 1916 ’ίσραίλε
1656 1845 1707 1900 140

605 1953 732 2049 μέχρι
757 1957 837 2026 τοῦ
864 1949 905 2045 »6
929 1959 982 2052 γῆ
1009 1954 1355 2051 κεχερσωμὲνιγε,·

867 2151 1015 2249 Ὀμιλία
1041 2151 1087 2254 γ’.

410 2345 437 2404 1.
470 2337 576 2422 Φησλν
606 2325 625 2402 6
651 2328 764 2420 κῦριος
790 2334 828 2402 ἐν
852 2337 897 2420 τῇ
922 2326 1007 2421 ἀρχῇ
1037 2337 1111 2403 τῶν
1141 2327 1436 2422 άναγνωσθίντων
1466 2341 1543 2424 περὶ
1572 2341 1636 2406 τοῦ

325 2429 462 2524 Ἰσραήλ,
486 2425 541 2503 ῦτι
566 2433 722 2522 »ἔρημσςι
749 2425 844 2522 αῦτῷ
867 2427 930 2502 οῦκ
951 2435 1085 2522 ἐγένετο
1105 2428 1184 2504 οῦδὲ
1168 2437 1268 2522 ὲνγῆ
1288 2437 1548 2524 κεχερσωμένηε.
1584 2441 1636 2517 τίς

276 2548 308 2602 15
327 2525 389 2605 οῦν
418 2527 664 2623 γενόμενοςν
627 2536 664 2604 ἐν
694 2538 745 2621 τῷ
773 2527 872 2621 τόπῳ
900 2527 962 2602 οῦκ
988 2529 1031 2602 διν
1057 2529 1197 2622 ζητήσαι
1223 2529 1391 2620 ἐξετάζων
1418 2531 1459 2604 τὸ
1484 2531 1636 2624 βούλημα

327 2662 390 2705 του
375 2637 658 2722 ’γεγραμμένους
680 2632 777 2716 ἔστω,
801 2625 923 2713 όθεός
945 2634 982 2702 ἐν
1004 2635 1055 2720 τῷ
1070 2627 1196 2751 Ἰσραὴλ
1220 2627 1261 2702 οῦ
1282 2635 1459 2722 γέγονεν’
1443 2661 1573 2724 ερημος,
1597 2629 1637 2706 06

327 2735 530 2855 γίγονενέν
511 2736 608 2822 ντῷ
635 2725 761 2820 Ἰσραὴλ
788 2735 831 2820 γῆ
856 2701 1099 2820 κεχερσωμίνη·
1130 2719 1194 2816 άρα
1220 2721 1283 2801 οῦν
1310 2734 1431 2821 ἔρημος
1459 2729 1637 2822 γίγονενό

328 2831 445 2919 κόριος
467 2837 518 2922 τῷ
533 2825 663 2952 Ἰσραὴλ
681 2826 826 2920 σήμερον
846 2825 869 2919 6
890 2859 933 2920 γη
916 2836 1187 2920 ’κεγερσωμένη
1208 2837 1270 2902 νῦν
1289 2827 1384 2922 αῦτῳ
1367 2835 1507 2912 ”,·ἐστιν
1529 2841 1564 2904 τί
1585 2837 1637 2915 δές

328 2925 387 3004 ῦτε
414 2938 466 3022 τῷ
492 2929 619 3020 Ἰσραὴλ
646 2921 690 3051 66
718 2925 780 3000 οῦκ
806 2931 928 3030 ἔρημος
955 2925 1079 3020 οῦδὲγ
1058 2935 1101 3050 γῆ
1129 2937 1373 3021 κεγερσωμένη,
1405 2949 1479 3015 τοῖς
1505 2905 1639 3006 ἔθνεσιν

276 3053 311 3108 20
328 3024 371 3122 ἦν
393 3003 515 3121 ἔρημος
544 3037 601 3102 καί
632 3035 673 3120 γῆ
702 3025 949 3121 κεχερσωμένη·
979 3035 1008 3100 εί
1037 3028 1100 3119 γὰρ
1130 3036 1233 3102 πᾶσιν
1261 3027 1313 3102 άεί
1339 3028 1401 3103 οῦκ
1426 3027 1546 3121 ἔρημός
1568 3036 1638 3104 ἐστι

327 3139 385 3203 καὶ
410 3137 514 3202 πᾶσιν
542 3125 594 3201 άεί
619 3133 712 3201 ἐστιν
735 3125 777 3200 οῦ
802 3129 844 3219 γῆ
869 3134 1113 3219 κεχερσωμένη,
1145 3134 1196 3213 τίς
1221 3135 1314 3218 χρεία
1341 3136 1405 3202 τοῦ
1431 3136 1526 3214 ίδίως
1551 3130 1639 3219 πρὸς

329 3229 394 3303 τὸν
413 3226 542 3320 Ἰσραὴλ
569 3258 634 3301 κατ
635 3223 840 3315 ’ἐξαίρετον
860 3234 1037 3318 λεχθῆναι·
1068 3225 1130 3319 »μὴ
1152 3230 1274 3319 ἔρημος
1294 3224 1459 3320 ἐγενόμην
1480 3237 1531 3321 τῷ
1554 3235 1638 3320 οἴκῳ

329 3327 457 3420 Ἰσραὴλ
480 3324 502 3418 6
524 3335 566 3419 γῆ
586 3333 852 3418 κεγερσωμίνηεῐ
872 3323 952 3401 ἀλλ’
976 3330 1067 3400 ἔστιν
1090 3332 1205 3400 ἐλθεῖν
1226 3333 1281 3400 ἐπὶ
1303 3329 1364 3412 τὰς
1385 3329 1575 3414 καθολικάς
1589 3327 1640 3402 εῦ·

329 3437 475 3518 εργεσίας
504 3435 569 3500 τοῦ
597 3435 695 3514 θεοῦ,
726 3429 799 3500 είτα
827 3426 911 3517 μετὰ
938 3427 1000 3509 τάς
1024 3425 1213 3511 καθολικὰς
1239 3430 1427 3518 εὐεργεσίας
1453 3424 1560 3500 αῦτσῦ
1584 3433 1640 3500 ίπί

276 3550 312 3606 25
330 3528 392 3611 τάς
413 3525 529 3610 ίδικάς.

411 3639 440 3700 2.
465 3625 583 3700 Οὐδενλ
605 3622 724 3717 ἔρημός
746 3631 838 3700 ἐστιν
861 3622 881 3699 6
902 3624 994 3711 θεός,
1015 3622 1229 3700 »ἀνατέλλων
1251 3626 1314 3700 τὸν
1336 3622 1436 3717 ἥλιον
1456 3632 1512 3699 ἐπὶ
1532 3654 1639 3717 πονη-

331 3728 411 3819 ροὺς
432 3735 489 3800 καί
511 3724 685 3817 άγαθοῦς·
708 3723 820 3799 οῦδενί
840 3731 1069 3817 κεχερσωμίνη
1089 3731 1132 3816 66
1153 3730 1233 3812 ἐστι,
1254 3732 1397 3816 »βρέχων
1420 3731 1474 3798 ἐπὶ
1490 3733 1640 3809 δικαίους

415 3916 474 3972 211.
491 3914 658 3984 vgl.1K01.
671 3916 696 3980 3,
709 3916 749 3971 12.
763 3917 804 3971 13.
821 3945 856 3955 -
874 3915 892 3970 8
911 3913 975 3986 ng
988 3913 1069 3969 Hom.
1082 3917 1122 3979 16,
1134 3915 1160 3981 6,
1178 3929 1201 3968 ο.
1214 3911 1284 3968 οε1ε.
1296 3916 1321 3976 5,
1335 3915 1366 3968 16
1385 3911 1469 3984 (Orig.
1481 3911 1516 3980 Η,
1529 3915 1570 3980 16,
1589 3914 1640 3981 11),

329 4001 360 4056 in
378 4000 439 4056 Joh.
454 4001 532 4055 Tom.
549 4001 589 4060 13,
607 4001 641 4053 23
658 3999 705 4067 ΙΒτ
721 4001 741 4064 1,
759 3999 857 4069 2691),
884 3999 918 4054 δε
940 3999 1026 4070 prim
1043 4000 1067 4064 2,
1085 4003 1102 4054 4
1120 3999 1168 4068 (Lo
1181 4001 1222 4062 21,
1234 4000 1307 4064 236:
1333 3997 1409 4066 cnjus
1431 3997 1503 4068 ignis
1524 3997 1642 4052 materia

330 4088 415 4155 atque
433 4101 496 4140 esen
511 4086 607 4138 nostra
624 4087 688 4139 sunt
704 4087 825 4155 peccata,
845 4101 915 4154 quae
933 4085 968 4140 ab
981 4081 1105 4153 apostolo
1117 4081 1205 4138 Paulo
1217 4081 1303 4152 ligna,
1321 4083 1350 4138 εί
1362 4081 1481 4146 foenum,
1499 4083 1528 4137 εί
1539 4080 1641 4152 stipula

331 4167 516 4226 nominantur.
534 4200 568 4210 -
586 4169 665 4227 2611.
684 4168 952 4239 vgl.Ma611.5,45.

415 4334 501 4408 θεαί]
514 4337 584 4399 <V
604 4339 609 4407 Ι
628 4339 647 4394 5
666 4333 876 4405 ἀποτιθώμεθα
894 4336 936 4390 Ru
953 4351 1117 4404 reponamus
1134 4334 1161 4389 H
1178 4330 1379 4403 ἀποτιθέμεθα
1397 4333 1484 4388 Swrr·
1504 4331 1640 4390 ἀποτιθό-

329 4425 408 4492 Ιιεθα
421 4423 454 4477 S*
467 4440 534 4479 ναε.
547 4423 602 4480 sch.
617 4423 622 4492 Ι
638 4422 657 4477 6
675 4419 725 4478 ἐὰν
743 4416 801 4494 όίρα
824 4419 999 4490 δυνηθῶμεν]
1021 4424 1051 4473 ιιί
1074 4459 1121 4473 ...
1139 4419 1168 4472 εί
1183 4419 1249 4486 fieri
1261 4424 1349 4488 μοίεεί
1367 4418 1392 4472 Η
1407 4413 1456 4474 ἵνα
1475 4420 1640 4488 δυνηθῶμεν

332 4506 370 4563 Gn
390 4509 395 4576 Ι
415 4508 433 4564 8
456 4504 588 4578 ἀγαθοῖς]
606 4507 710 4562 sanctis
722 4507 748 4560 Η
767 4507 773 4574 Ι
793 4504 832 4562 18
850 4503 868 4574 6
881 4505 968 4559 GhGo
985 4503 1002 4574 6
1015 4503 1033 4558 S
1053 4507 1057 4573 Ι
1075 4504 1105 4559 τί
1121 4503 1199 4558 ΒΙαεε
1218 4498 1260 4559 δτι
1278 4503 1296 4558 S
1315 4505 1320 4573 Ι
1340 4503 1440 4560 26-8.
1453 4503 1494 4570 28,
1507 4503 1524 4558 2
1540 4501 1642 4558 Hiernu

330 4590 440 4662 Fragm.
454 4593 495 4659 67
507 4591 538 4646 in
549 4592 581 4646 C:
600 4590 906 4648 Καθόλου-δικαίων.
