3702 5540
312 489 353 551 34
757 475 897 548 Origenes’
914 477 1173 535 Jeremiahomilien.

313 645 450 714 ἔθνεσιν
472 640 515 712 τᾶ
537 633 600 766 όρη
619 648 675 712 καὶ
701 637 739 731 »6
762 640 899 732 δύναμις
921 648 994 712 τῶν
1015 636 1158 730 όρέωνι,
1187 644 1219 712 οί
1241 646 1276 710 δὲ
1299 639 1514 730 νογυζόμενοι
1535 669 1605 727 παρ

314 739 430 823 αὐτοῖς
455 747 518 812 νῦν
538 747 599 830 μὲν
621 741 707 814 είναι
729 751 819 826 θεοί,
851 737 1074 832 πρότερονδ’
1097 739 1280 829 ἅνθρωποι
1303 747 1490 828 γεγονέναι,
1523 731 1621 812 οῦτοί

314 848 398 912 εἰσιν
424 844 473 912 »οί
495 848 640 924 βουνοίι.

396 936 601 1029 Ἰἐγνωκότες
628 932 691 1013 οῦν
692 939 894 1042 ἀμφότερα
921 941 997 1029 <τᾶ>
1025 938 1305 1062 προσκυνούμενα
1325 936 1481 1028 τάγματά
1503 965 1619 1027 φασιν·

279 1066 296 1120 5
319 1032 449 1122 »ὄντως
471 1046 518 1122 είς
539 1043 701 1128 ψεῦδος
685 1031 770 1129 ἦσαν
792 1043 825 1112 οί
844 1047 963 1126 βουνοί
975 1037 1067 1112 καὶ”
1047 1069 1068 1131 η
1083 1038 1221 1129 δύναμις
1236 1047 1309 1110 τῶν
1325 1033 1464 1126 όρέωνι,
1501 1036 1542 1113 06
1558 1039 1620 1128 γάρ

314 1136 613 1229 ὑπολαμβάνουσιν
635 1143 667 1210 οί
682 1134 797 1260 αότοῑς
813 1138 1047 1230 λατρεύοντες,
1070 1133 1125 1212 ότι
1140 1145 1247 1229 ψευδῆ
1263 1143 1334 1211 ἐστι
1349 1145 1465 1210 ταῦτα
1502 1136 1620 1228 διόπερ

315 1245 448 1314 οἴονται
474 1239 556 1321 τούς
576 1239 742 1329 χρησμοὺς
762 1246 819 1310 καὶ
841 1238 902 1322 τάς
924 1245 1107 1328 θεραπείας
1130 1236 1298 1328 άληθινάς
1320 1240 1406 1310 είναι
1427 1246 1620 1329 θεραπείας.

315 1337 375 1428 οῦχ
402 1335 553 1428 ὁρῶντες
580 1338 749 1462 62666666
773 1336 896 1428 »πάσης
922 1337 1094 1429 δυνάμεως
1120 1347 1175 1411 καί
1198 1347 1346 1428 σημείων
1366 1346 1422 1410 καί
1438 1343 1449 1428 ΙΙ
1465 1334 1621 1458 τεράτων
1643 1345 1691 1398 151

314 1439 460 1526 ψεύδους
486 1442 523 1509 ἐν
544 1434 635 1525 πόση
658 1435 772 1526 ᾶπάτη
796 1436 924 1521 ἀδικίας
946 1457 1019 1522 τοῖς
1042 1436 1291 1529 ἀπολλυμένοις
1296 1444 1513 1564 γινομένων
1534 1437 1621 1526 πρὸς

264 1547 428 1617 ιοπᾶσαν
458 1537 598 1658 ῦῦναμιν
631 1546 779 1627 σημείων
808 1545 863 1609 καί
891 1535 1047 1628 τεράτων
1075 1535 1245 1628 άληθείας.
1293 1536 1313 1609 6
1339 1545 1400 1627 μὲν
1426 1538 1489 1627 γάρ
1516 1541 1622 1609 ἐποίει

315 1637 463 1730 Χριστὸς
487 1632 624 1724 Ἰησοῦς,
659 1643 767 1708 ταῦτα
797 1639 839 1728 ἡν
869 1656 985 1728 σημεῖα
1021 1635 1196 1726 άληθείας,
1229 1645 1284 1710 καὶ
1310 1639 1378 1768 πρὸ
1406 1633 1513 1710 αῦτοῦ
1538 1634 1622 1706 666

314 1745 422 1810 ἐποίει
444 1743 585 1827 Μωσῆς,
608 1730 785 1826 δύναμις
768 1767 811 1826 ην
832 1735 1002 1828 άληθείας.
1045 1737 1066 1809 6
1089 1745 1124 1810 δὲ
1146 1742 1344 1811 ἐποίουν
1311 1769 1344 1810 οι
1365 1736 1548 1826 Αίγῦπτιοι
1570 1760 1623 1826 ση-

314 1857 389 1928 μεῖα
410 1828 502 1927 μὲνς
486 1864 528 1926 ην
543 1845 599 1908 καὶ
614 1843 749 1926 τέρατα,
773 1834 893 1927 (ἀλλὰ)
909 1836 1063 1926 ψεύδους.
1100 1833 1211 1922 οῦτως
1223 1844 1258 1909 δὲ
1272 1835 1364 1910 acar*
1344 1869 1365 1909 α
1380 1844 1488 1910 ἐποίει
1502 1844 1623 1927 Σίμων

314 1937 400 2027 μετὰ
421 1937 485 2010 τὸν
499 1932 624 2027 Ἰησοῦν
646 1933 665 2009 6
687 1934 802 2028 μάγος,
827 1935 914 2008 ῶστε
938 1933 1145 2010 ἀποπλανᾶν
1166 1938 1207 2011 τό
1230 1939 1334 2021 ἐθνος
1356 1943 1419 2027 τῆς
1433 1943 1623 2027 Σαμαρείας

264 2061 297 2112 15
314 2045 370 2110 καὶ
397 2045 594 2128 νομίζεσθαι
620 2033 728 2109 αῦτὸν
754 2039 839 2109 εἶναι
865 2036 1006 2126 δύναμιν
1031 2044 1131 2123 θεοῦ,
1161 2045 1217 2110 καὶ
1243 2033 1330 2110 αῦτόι
1357 2029 1399 2126 ἦν
1425 2055 1542 2126 σημεῖα
1568 2041 1622 2107 καὶ

316 2143 441 2228 τέρατα
463 2134 620 2225 ψεύδους.
656 2129 743 2208 όταν
765 2129 826 2208 οὖν
839 2145 1063 2227 καταγνῶμεν
1078 2143 1229 2222 ἐκείνων,
1252 2143 1393 2228 λέγομεν
1408 2141 1440 2210 οί
1454 2163 1624 2224 κατεγνω-

316 2236 428 2320 κότες·
454 2229 585 2319 »ὄντως
607 2243 654 2319 είς
675 2243 801 2323 ψεῦδος
823 2228 908 2326 ἦσαν
929 2241 961 2309 οἱ
982 2246 1101 2323 βουνοὶ
1122 2245 1177 2310 καί
1199 2233 1221 2326 6
1243 2235 1382 2328 δύναμις
1397 2244 1471 2307 τῶν
1485 2230 1622 2325 όρέωνι.

400 2349 428 2408 4.
449 2339 535 2408 Είτα
557 2340 629 2407 ἐπεὶ
652 2333 753 2426 ἡμεῖς,
777 2341 809 2408 οἱ
832 2335 900 2409 άπό
922 2344 996 2408 τῶν
1017 2342 1143 2423 ἐθνῶν,
1165 2341 1260 2426 ἴσμεν
1282 2331 1336 2409 ότι
1352 2344 1403 2426 τῷ
1422 2335 1624 2426 »παροπτῶ-

316 2465 396 2524 ματι
418 2442 481 2507 τοῦ
500 2431 626 2527 Ἰσραὴλ
649 2433 732 2509 ὁδὸν
753 2435 918 2526 ἐλάβομεν
940 2444 1138 2527 σωτηρίαςι,
1160 2446 1217 2508 καὶ
1237 2443 1360 2510 ἐκείνοι
1382 2439 1447 2523 ἐξω
1470 2441 1553 2508 είσίν
1574 2438 1625 2504 ἐκ·

265 2554 300 2608 20
318 2542 530 2625 βεβλημένοι,
556 2544 650 2626 μέχρι
677 2536 718 2608 τὸ
745 2535 914 2626 πλήρωμα
941 2533 1037 2626 ἡμῶν
1063 2543 1214 2626 εἰσέλθη,
1241 2541 1335 2627 ἴσμεν
1357 2541 1392 2608 δὲ
1414 2528 1469 2608 ότι
1490 2536 1550 2607 ἐὰν
1571 2534 1624 2604 »τό

318 2632 488 2726 πλήρωμα
515 2643 588 2707 τῶν
614 2641 732 2708 ἐθνῶν
754 2642 904 2722 είσέλθη,
936 2636 1021 2725 μετά
1043 2643 1149 2710 τοῦτο
1172 2645 1238 2720 πᾶς
1259 2633 1387 2726 Ἰσραὴλ
1410 2633 1624 2725 σωθήσετακ.

320 2735 376 2807 διά
402 2733 508 2807 τοῦτό
531 2765 642 2824 φαμεν
663 2743 807 2825 πρῶτον
828 2741 889 2825 μὲν
910 2735 951 2807 τὸ
977 2729 1108 2819 »ὄντως
1130 2743 1177 2820 είς
1199 2743 1324 2825 ψεῦδος
1347 2729 1433 2827 ἦσαν
1455 2739 1487 2809 οἱ
1508 2740 1625 2820 βουνοὶ

232 2865 302 2920 225v
319 2842 375 2907 καὶ
399 2831 419 2924 6
446 2833 584 2924 δύναμις
611 2843 685 2906 τῶν
712 2830 857 2924 όρέωνι,
889 2834 1050 2925 δεύτερον
1071 2841 1106 2906 δὲ
1129 2843 1205 2927 περὶ
1227 2843 1291 2908 τοῦ
1311 2833 1438 2926 Ἰσραὴλ
1461 2839 1626 2924 σωθηΙσο-
1719 2879 1725 2888 ·

319 2943 423 3025 μένου
448 2936 534 3025 μετὰ
560 2935 601 3007 τὸ
628 2933 797 3024 πλήρωμα
819 2941 891 3005 τῶν
913 2939 1041 3006 ἐθνῶν·
1075 2935 1185 3026 »πλὴν
1207 2936 1261 3008 διά
1283 2945 1402 3026 κυρίου
1423 2941 1508 3009 θεοῦ
1530 2933 1626 3025 ἡμῶν

268 3067 301 3120 25
319 3032 340 3124 6
358 3041 506 3124 σωτηρία
524 3041 589 3106 τοῦ
609 3030 766 3124 Ἰσραὴλι.
808 3037 880 3104 ἐπεὶ
903 3039 938 3104 δέ
960 3029 1050 3121 άπαξ
1071 3033 1286 3125 ἐμνήσθημεν
1307 3042 1371 3108 τοῦ
1394 3033 1626 3108 άποστολικοῦ

319 3135 427 3222 ῥητοῦ
453 3139 616 3222 λέγοντος
643 3127 697 3204 ότι
723 3141 774 3223 τῷ
799 3133 1077 3222 »παραπτώματα
1113 3127 1143 3225 ᾧ
1170 3143 1359 3224 παρέπεσεν
1386 3130 1404 3206 6
1432 3131 1574 3224 Ἰσραήλ,
1605 3131 1625 3223 6

319 3241 470 3323 σωτηρία
500 3239 617 3321 γέγονε
644 3249 717 3315 τοῖς
743 3235 902 3316 ἔθνεσιν,
933 3241 989 3303 καὶ
1011 3226 1097 3304 όταν
1131 3233 1189 3306 »τό
1217 3231 1385 3325 πλήρωμα
1412 3242 1485 3306 τῶν
1512 3238 1627 3305 ἐθνῶν

319 3340 486 3420 είσέλθηι,
509 3335 574 3416 ἔξω
596 3339 762 3421 μένοντος
784 3337 847 3402 τοῦ
868 3327 1010 3420 Ἰσραήλ,
1032 3334 1117 3422 μετᾶ
1138 3334 1180 3406 τό
1203 3332 1438 3424 εἰσερχόμενον
1459 3332 1628 3424 πλήρωμα

320 3440 394 3504 τῶν
416 3437 532 3504 ἐθνῶν
551 3429 644 3503 »τότε
666 3438 732 3513 πᾶς
754 3427 880 3520 Ἰσραὴλ
906 3429 1120 3522 σωθησετακ,
1144 3439 1225 3521 φέρε
1241 3433 1285 3504 τά
1298 3433 1387 3505 κατά
1402 3433 1483 3516 τοῦς
1498 3433 1627 3516 τόπους

267 3563 302 3618 30
321 3530 468 3613 τούτους
498 3528 751 3622 άναπτύξωμεν.
803 3523 845 3620 ἦν
874 3527 1000 3622 Ἰσραὴλ
1031 3531 1231 3623 σωζόμενος.
1282 3537 1436 3620 ἐξέπεσεν
1468 3529 1487 3604 6
1518 3533 1628 3614 πολὺς

318 3625 458 3720 Ἰσραήλ,
481 3626 570 3702 ᾶλλᾶ
594 3643 732 3720 »λεῖμμα
745 3626 824 3702 κατ’
841 3631 986 3720 ἐκλογὴν
999 3629 1138 3723 χάριτος
1154 3637 1321 3721 γέγονε-νε,
1345 3640 1421 3720 περὶ
1437 3625 1478 3706 οὗ
1493 3641 1628 3722 λείμμα-

404 3818 462 3876 411.
481 3817 544 3888 vgl.
556 3818 655 3874 Euseb.
667 3819 684 3872 l.
699 3835 730 3874 c.:
759 3817 795 3875 τά
812 3818 842 3876 δὲ
860 3815 962 3876 εἴδωλα
980 3818 1098 3889 δύναμιν
1117 3815 1208 3892 ὀρέων
1225 3823 1314 3886 καλεῖ,
1332 3821 1382 3875 καὶ
1399 3817 1428 3876 oz
1444 3815 1516 3894 παρ’
1535 3817 1628 3876 αὐτῶν
1724 3863 1730 3874 .

318 3899 377 3976 ᾶρυ
397 3905 522 3975 χρησμοί
542 3905 592 3958 καί
608 3907 760 3977 θεραπεῖαι
782 3907 872 3976 ψευδῆ
893 3905 943 3960 καὶ
965 3900 1108 3972 ἀπατηλά,
1130 3904 1180 3959 καί
1202 3900 1253 3973 οέγ
1276 3897 1324 3960 οία
1347 3912 1399 3960 τοῦ
1416 3905 1562 3972 Μωυσέως
1579 3909 1628 3961 καί

318 3995 375 4044 τῶν
397 3987 559 4059 Αἰγυπτίων
580 3986 616 4044 τᾶ
638 3987 756 4060 τέρατα,
782 3991 831 4044 καί
853 3987 917 4046 οῦδὲ
941 3983 988 4046 οία
1011 3997 1062 4044 τοῦ
1083 3991 1209 4061 Χριστοῦ
1231 3987 1266 4044 τά
1288 3997 1340 4046 τοῦ
1364 3991 1497 4060 Σίμωνος
1518 3995 1576 4046 κτλ.
1595 4021 1628 4030 -

318 4072 1627 4144 svgl.116hess.2,10.-11s12vgl.Exod.7u.8.-18ng.Act.8‚9.10.-181r.

318 4157 382 4228 ιρι.
400 4159 478 4214 Rom.
496 4161 536 4223 ιι,
555 4162 594 4212 ιι,
613 4161 646 4212 ει
667 4159 793 4222 Luk.13‚
811 4159 851 4214 τε.
875 4189 907 4198 -
930 4159 965 4214 ει
985 4158 1047 4228 vgl.
1065 4156 1144 4212 Hom.
1160 4161 1184 4224 ι,
1201 4158 1218 4211 ε
1236 4159 1271 4226 (s.
1285 4162 1325 4225 31,
1340 4161 1398 4228 ιε).
1417 4191 1449 4200 -
1467 4161 1543 4217 εει,
1563 4160 1626 4230 vgl.

319 4244 448 4309 ιιιιιπι,
459 4247 498 4296 ιι.
511 4243 551 4298 ει.
564 4273 597 4282 -
610 4243 647 4298 οι
663 4243 726 4312 Vgl.
739 4245 816 4298 Ram.
828 4247 868 4308 ιι,
879 4247 903 4299 ι.

403 4395 423 4450 4
445 4392 479 4450 τά
503 4395 582 4448 ΒΙιιεε
605 4397 609 4462 Ι
633 4411 718 4465 φασιν
736 4396 778 4450 Ru
797 4397 916 4465 φησίνῦ
940 4397 944 4462 Ι
967 4393 1037 4452 506
1053 4396 1096 4450 Ru
1113 4396 1198 4450 νῦνὸ
1222 4397 1226 4463 Ι
1249 4395 1381 4463 θαίτυῑς
1398 4397 1477 4452 Βίοεε
1495 4395 1601 4452 αἰτᾶῦ
1624 4398 1627 4464 Ι

321 4483 335 4535 ί
361 4478 513 4552 χρησμοῦςΙ
536 4487 568 4542 Ι-
587 4476 740 4548 ἇληθινοὺς
762 4473 835 4534 εἶναι
856 4479 1000 4552 χρησμοὺς
1022 4481 1183 4534 Lietzmann
1207 4482 1210 4548 Ι
1237 4480 1276 4536 10
1298 4477 1435 4552 ἀληθείας
1453 4481 1539 4538 tho
1562 4479 1628 4550 ἀλη-

318 4563 389 4627 θοῦς
407 4565 424 4618 S
439 4567 443 4630 Ι
461 4563 496 4618 11
511 4561 539 4617 δὲ
549 4562 627 4617 ΒΙαεε
639 4562 691 4631 μὲν
705 4565 722 4617 S
737 4565 742 4632 Ι
759 4563 797 4618 18
810 4559 880 4620 ἀλλὰ
893 4565 966 4619 nach
978 4564 1139 4620 Lietzmann
1154 4565 1158 4632 1
1173 4563 1214 4620 28
1226 4565 1432 4634 σωθησομένου
1443 4565 1487 4622 Gh
1500 4569 1628 4634 σωθησο-

317 4652 412 4723 μένων
430 4648 455 4702 S.
