3694 5542
632 475 751 530 Homilies
769 475 866 532 XVIII
902 476 1001 532 Jerem
1019 478 1059 544 16
1079 479 1169 534 1-16.
1489 487 1547 552 159

239 647 314 761 τρῦν
336 647 378 728 τῇ
402 644 569 729 διαλέκτῳ
594 643 713 758 ροῆσαι
737 639 780 710 τά
801 643 977 709 παιδία-
999 638 1161 714 τοιοῦτόν
1183 649 1217 712 τί
1238 671 1295 730 μοι
1317 640 1457 762 νόεικαλ
1471 671 1546 732 περι

239 739 303 811 τὸν
330 737 429 822 θεόν,
457 731 543 809 όταν
569 736 611 807 τό
636 743 710 808 τσῦν
732 733 934 827 ἀνθρώπων
956 745 1066 828 γένος,
1092 747 1148 811 καλ
1163 738 1315 862 μάλιστα
1336 740 1377 812 τό
1401 748 1476 811 τῶν
1497 745 1547 812 έτι

240 845 375 930 νηπίων
397 830 623 960 οἰκονοριῇ.ο
604 866 667 927 ορα
689 843 764 919 ποῦς
785 845 842 909 καὶ
863 845 1112 929 μεταποιοῦμεν
1133 839 1177 910 τά
1198 835 1352 963 όνόμρτα
1374 845 1406 913 ολ
1425 847 1547 913 τέλειοι

238 937 359 1027 ἄνδρες
380 935 467 1028 πρός
489 937 532 1010 τά
554 943 675 1028 βρέφη,
698 945 754 1010 καί
776 937 964 1028 τὸνμὲν
944 967 1053 1026 αρτον
1072 944 1167 1022 ίδίως
1188 933 1399 1030 ὀνομάζομεν
1421 937 1546 1026 αὐτοῖς,

202 1038 280 1112 στὸ
308 1043 344 1110 δε
370 1056 461 1109 πιεῖν
488 1037 575 1126 άλλη
602 1043 688 1122 λέξει
713 1033 935 1160 ὀνομάζομεν,
962 1046 1106 1112 τελείων
1130 1035 1170 1111 06
1190 1039 1360 1130 χρεόμενοι
1380 1045 1545 1128 διαλέκτῳ

238 1168 259 1226 η
245 1131 438 1228 χρώμεθα
459 1136 546 1227 πρὸς
565 1139 645 1220 τοῦς
660 1144 810 1220 τελείους
824 1133 996 1260 δμὴλικρις,
1021 1134 1108 1211 άλλά
1123 1135 1210 1224 ἄλλη
1225 1144 1312 1225 λέξει
1327 1146 1395 1209 τινὶ
1409 1111 1546 1227 παιδικῦγ

238 1244 294 1307 καί
316 1235 491 1326 βρεφοόδει.
527 1243 581 1308 καί
606 1235 649 1308 τά
671 1237 842 1360 ἐνδύματα
863 1238 925 1310 έάν
944 1233 1167 1328 ὀνομάζωμεν
1188 1258 1260 1322 τοῖς
1281 1244 1436 1322 παιδίοις,
1460 1237 1547 1360 άλλη

240 1331 393 1457 ὀνόματα
424 1339 620 1426 έπιτίβεμεν
647 1333 778 1422 αῦτοῑς,
803 1331 955 1410 olom*
935 1365 1043 1460 ρνομα
1064 1335 1223 1408 παιδικόν
1240 1335 1460 1421 πλάσσοντες
1495 1330 1546 1426 ἆρ’

153 1453 222 1508 302τ
240 1427 303 1508 οῦν
325 1434 406 1508 τότε
428 1430 595 1518 άτελείςέ
597 1461 693 1526 σμεν;
715 1446 770 1509 καλ
789 1441 843 1524 1”
814 1466 842 1508 ει
863 1467 915 1520 τις
936 1433 1059 1560 ἡμῶν
1056 1433 1175 1509 άκοῦοι
1195 1443 1342 1520 παιδίοις
1341 1443 1546 1561 διαλεγομέ-

188 1548 221 1603 10
241 1565 327 1620 νων,
350 1530 457 1624 έρεί”
438 1565 493 1607 οτι
516 1531 663 1625 άνόητος
686 1531 866 1627 γέγονεν(
846 1565 866 1608 ο
888 1528 1059 1627 γέρων
1021 1566 1137 1658 ουτρς,
1165 1532 1184 1609 6
1207 1533 1293 1658 άνὴρ
1316 1528 1418 1620 οὗτος
1438 1541 1546 1610 έπιλέ-

240 1646 360 1727 λησται
382 1643 447 1707 τοῦ
468 1644 598 1725 γενείου
621 1631 741 1721 αῦτοῦ,
764 1642 826 1726 τῆς
847 1632 978 1726 ἡλικίας
1000 1643 1063 1709 τοῦ
1085 1630 1282 1726 άυδρός;
1260 1667 1281 1726 η
1305 1643 1439 1709 δέδοται
1459 1637 1547 1708 κατὰ

239 1736 498 1825 συμπεριφορὰν
529 1741 653 1825 παιδίῳ
684 1730 869 1824 ὁμιλοῦντα
898 1736 943 1828 μὴ
973 1741 1117 1826 λαλῆσαι
1147 1740 1316 1826 διαλέκτῳ
1344 1743 1547 1827 πρεσβυτικῇ

239 1839 321 1924 μηδὲ
343 1838 479 1920 έντελεί,
502 1830 592 1909 άλλδι
612 1840 767 1924 παιδικῇ;

323 1941 387 2004 Καὶ
403 1929 422 2005 6
437 1932 520 2017 θεὸς
541 1934 582 2024 δὴ
604 1945 702 2006 λαλεῖ
720 1940 882 2016 παιδίοις·
908 1933 1015 2008 »ίδοῦι
1041 1942 1124 2025 φησὶ
1144 1942 1200 2005 καί
1216 1929 1235 2006 6
1250 1935 1367 2025 σωτὴρ
1392 1935 1476 2025 »ἐγώ
1491 1941 1547 2005 κοί

189 2049 220 2102 15
239 2035 283 2106 τὰ
294 2038 421 2154 παιδία
436 2027 458 2104 6
472 2063 529 2124 μοι
551 2039 679 2106 ἔδωκεν
694 2028 713 2106 6
728 2031 838 2116 θεόςι.
873 2039 1009 2124 λέγοιτο
1031 2031 1075 2104 ἂν
1096 2042 1148 2126 τῷ
1166 2041 1302 2124 γέροντι
1316 2041 1367 2126 τῷ
1383 2043 1547 2108 λαλοῦντι
1615 2081 1623 2089 -

239 2131 326 2223 πρὸς
349 2131 390 2204 τό
412 2139 551 2205 παιδίον
572 2129 793 2217 ιιαιδικσῦς,Ἃ
770 2161 791 2222 η
815 2138 871 2206 ἵνα
884 2105 1209 2225 έμφατικωτερόν
1179 2163 1265 2206 ειπω
1281 2107 1512 2223 βρεςιοωδαῦς,ο
1492 2162 1547 2206 οτι

239 2229 519 2354 έτροπρφόρησρς
541 2231 606 2304 τὸν
625 2232 703 2306 υίόν
723 2259 785 2306 σου
805 2242 862 2305 καὶ
883 2234 978 2323 (τόν)
993 2231 1126 2354 τρόπον
1148 2230 1311 2355 έφόρεσας
1326 2261 1389 2305 του
1373 2240 1548 2322 ’βρέφους

238 2341 294 2404 καὶ
322 2332 388 2424 τὴν
413 2329 623 2404 κατάστασιν
650 2329 756 2406 αῦτοῦ
779 2331 972 2423 άνείληφας.
1019 2325 1148 2456 ρῦτως
1150 2326 1213 2404 οῦν
1236 2329 1306 2404 νόει
1327 2361 1383 2422 μοι
1404 2341 1460 2404 καὶ
1481 2333 1547 2424 τὴν

238 2431 386 2522 γραφὴν
401 2439 579 2522 λέγουσαν
611 2430 909 2525 »ἐτροποφόρησεν
935 2459 971 2504 σε
993 2431 1107 2520 κύριος
1129 2427 1148 2504 6
1170 2430 1252 2516 θεός
1273 2457 1348 2518 σου,
1375 2431 1423 2515 σός
1445 2437 1475 2504 εί
1495 2462 1546 2515 τις

187 2543 222 2599 20
240 2528 496 2621 τροποφορήσει
532 2531 721 2622 ἄνθρωπος
756 2531 821 2604 τόν
852 2531 929 2604 υίὸν
960 2531 1093 2605 αῦτοῦι.
1139 2540 1195 2604 καί
1224 2539 1373 2604 ἐοίκασιν
1408 2528 1497 2604 01'
1476 2531 1544 2603 απὸ

239 2634 417 2720 έβραϊσμοῦ
432 2630 703 2722 ἑρμηνεύσαντας,
714 2631 758 2722 μὴ
775 2629 931 2724 εὑρόντες
945 2632 1011 2722 τὴν
1020 2637 1113 2717 λέξιν
1126 2637 1283 2722 κειμένην
1295 2626 1544 2722 παρ’Ἕλλησιν,

239 2727 520 2802 άναπεπλακέναι
541 2727 589 2814 σός
618 2728 669 2804 ἐπ’
696 2730 815 2804 ἄλλων
840 2737 986 2803 πολλῶν
1010 2737 1066 2801 καὶ
1094 2729 1224 2820 ταύτην
1249 2739 1305 2802 καί
1326 2737 1545 2822 πεποιηκέναι

239 2830 305 2921 τὴν
337 2829 635 2922 νέτροποφόρησέν
661 2855 698 2902 σε
723 2829 838 2921 κόριος
860 2825 878 2902 6
900 2829 983 2911 θεός
1009 2855 1071 2904 σου
1096 2835 1264 2920 (τουτέστι
1290 2832 1371 2913 τοὺς
1396 2829 1545 2920 τρόπους

239 2956 301 3002 σου
316 2929 500 3020 έφόρεσεν),
516 2929 564 3013 σός
579 2936 609 3002 εί
624 2959 675 3012 τις
692 2927 948 3020 τροπσφορήσει
963 2930 1151 3019 άνδρωπος
1166 2929 1267 3019 (κατὰ
1282 2929 1323 3002 τὸ
1337 2927 1546 3020 παράδειγμα

187 3039 221 3096 25
240 3038 345 3104 τοῦτο
362 3025 381 3102 6
397 3035 525 3120 εἴρηκα)
541 3030 605 3103 τόν
619 3029 695 3102 υίόν
710 3027 844 3102 αῦτοῦι.
879 3033 952 3101 ἐπεὶ
966 3035 1085 3102 τοίνυν
1099 3025 1190 3119 ἡμεῖς
1204 3037 1444 3120 μετανοοῦμεν,
1459 3024 1546 3102 όταν

238 3128 319 3220 ἡμίν
349 3136 544 3220 διαλέγηται
570 3137 794 3220 μετανοοῦσιν
820 3124 840 3200 6
868 3127 950 3212 θεὸς
978 3135 1077 3219 λέγει·
1105 3136 1278 3219 μετανοοῦ,
1306 3137 1363 3200 καὶ
1392 3125 1545 3201 άπειλῶν

239 3227 319 3320 ἡμῖν
349 3227 390 3302 06
418 3249 655 3321 προσποιεῖται
691 3228 915 3320 προγνοόστης
946 3230 1045 3315 είναι,
1082 3223 1156 3300 ἄλλ’
1187 3226 1235 3311 σός
1262 3236 1398 3318 βρέφεσι
1427 3236 1546 3303 λαλῶν

238 3326 373 3401 άπειλεί.
411 3327 452 3401 06
473 3348 711 3420 προσποιεῖται
732 3321 788 3400 ότι
808 3334 965 3418 προέγνω
990 3328 1052 3400 »τά
1072 3325 1188 3400 πάντα
1209 3335 1292 3418 πρὶν
1312 3335 1473 3420 γενέσεως
1488 3325 1544 3401 αῦ-

239 3435 343 3516 τοῦνι,
367 3424 443 3502 ἄλλ’
458 3425 520 3513 σός,
536 3434 548 3518 ΙΙ
563 3425 606 3500 Iv'
622 3421 734 3510 οῦτως
756 3422 924 3517 ὀνομάσω,
947 3423 1214 3550 ὑποκρινόμενος
1235 3426 1276 3499 τό
1294 3433 1418 3516 βρέφος
1439 3453 1542 3550 προσ·
1563 3447 1615 3502 249

188 3549 222 3603 30
238 3549 387 3602 ποιείτω
412 3534 494 3620 μηδὲ
517 3534 640 3600 εἰδέναι
665 3527 709 3600 τὰ
737 3534 916 3617 μέλλοντα.
953 3534 1009 3598 καὶ
1031 3523 1163 3650 ρῖπειλεῑ
1186 3534 1270 3616 γοῦν
1291 3531 1385 3598 ἔθνει
1406 3526 1520 3598 διὰ
1483 3557 1544 3611 τας

153 3643 221 3700 302v
239 3623 404 3750 άμηρτίας
431 3625 537 3749 66006
561 3635 618 3700 καὶ
637 3633 642 3716 Ι
662 3635 761 3718 λέγει·
795 3627 872 3699 »ἐὰν
897 3624 1089 3750 μετανρὴση
1115 3625 1157 3748 τό
1182 3630 1296 3712 ἔθνος,
1322 3622 1417 3717 κάγώ
1444 3655 1543 3717 μετα-

239 3725 384 3819 νοησωι.
425 3719 456 3850 66
479 3735 551 3800 θεέ·
572 3719 636 3848 ἆρο
658 3720 717 3799 ὅτε
738 3725 894 3818 ἠπείλεις,
917 3723 979 3798 σῦκ
1000 3721 1090 3814 ηδεις
1111 3723 1262 3816 πότερον
1282 3724 1482 3817 μετανοήσει
1502 3725 1543 3798 τό

186 4045 221 4102 35
239 4022 280 4096 06
301 4047 407 4116 μενεῑ;
429 4022 504 4098 ἀλλ’
526 4023 568 4098 06
588 4043 831 4119 προσποιεῖται.

325 4214 364 4269 14
383 4213 437 4269 δεε.
454 4217 479 4280 8,
498 4217 531 4272 18
556 4216 639 4272 Hebr.
657 4216 682 4279 2,
701 4217 741 4272 13.
763 4243 797 4256 ·-
817 4215 856 4271 19
873 4215 954 4270 Dent.
967 4219 990 4280 1,
1002 4216 1041 4270 31.
1061 4243 1095 4254 -
1113 4215 1153 4270 28
1172 4213 1252 4269 θεοῦ.
1271 4217 1294 4280 1,
1312 4215 1353 4268 31.
1370 4243 1404 4252 -
1422 4212 1461 4269 28
1478 4211 1542 4283 vgl.

239 4297 298 4354 Sus.
316 4300 366 4354 33⁸
383 4298 476 4366 (LXX)
495 4299 539 4356 od.
555 4301 590 4356 42
606 4295 668 4369 (ὅ).

326 4467 344 4522 2
365 4465 399 4523 τδ
417 4470 484 4538 τῶν]
503 4465 612 4525 τούτων
629 4469 647 4523 S
664 4473 722 4525 τῶν
740 4468 783 4523 Gh
802 4473 807 4534 Ι
830 4463 1013 4536 έκιτιίλέομεν
1029 4467 1047 4521 S
1065 4467 1121 4537 vgl.
1133 4467 1159 4522 S.
1171 4470 1213 4529 97,
1225 4467 1258 4521 13
1281 4467 1287 4536 Ι
1311 4466 1348 4522 11
1367 4467 1478 4536 γενείου
1499 4467 1542 4522 Gh

238 4553 336 4621 γενίου
352 4552 370 4606 S
385 4553 390 4619 Ι
405 4549 423 4623 ἢ
441 4553 479 4608 Co
499 4552 516 4623 ἢ
533 4554 551 4609 S
567 4557 571 4622 ί
587 4553 625 4611 12
649 4548 802 4622 ὁμιλοῦντα
823 4551 868 4607 Gh
885 4547 1082 4622 ὁμολογοῦντα
1100 4552 1138 4620 81
1159 4551 1195 4607 17
1215 4549 1266 4606 τὸν
1284 4549 1362 4604 Βίοεε
1379 4550 1435 4622 vgl.
1449 4551 1475 4604 Ζ.
1488 4553 1540 4621 231

239 4635 279 4691 20
300 4636 471 4708 διαλέγηται]
490 4645 523 4704 -ί-
540 4645 601 4704 τσΐς
617 4637 639 4694 0
653 4643 659 4704 Ι
674 4637 713 4695 38
725 4656 751 4693 u.
763 4636 802 4692 δῦ
819 4637 913 4706 μενεῖ]
931 4633 1011 4704 μένει
1028 4636 1121 4706 8184
1139 4631 1166 4706 6]
1184 4635 1344 4706 IIbergesch
1361 4635 1399 4691 8¹.
